<?xml version="1.0" encoding="UTF-8"?>
<collection><record><leader>01014cam a2200289 a 4500</leader><controlfield tag="001">9945528643408651</controlfield><controlfield tag="005">20250508064110.0</controlfield><controlfield tag="008">000424s1998    gw a     b    000 0 gersd</controlfield><datafield tag="020" ind1=" " ind2=" "><subfield code="a">3980499316</subfield></datafield><datafield tag="035" ind1=" " ind2=" "><subfield code="a">(OCoLC)231780126</subfield></datafield><datafield tag="035" ind1=" " ind2=" "><subfield code="9">FMY9955YL</subfield></datafield><datafield tag="035" ind1=" " ind2=" "><subfield code="a">4552864</subfield></datafield><datafield tag="035" ind1=" " ind2=" "><subfield code="a">(CtY)4552864-yaledb-Voyager</subfield></datafield><datafield tag="040" ind1=" " ind2=" "><subfield code="a">OHX</subfield><subfield code="b">ger</subfield><subfield code="c">OHX</subfield><subfield code="d">NIC</subfield></datafield><datafield tag="079" ind1=" " ind2=" "><subfield code="a">ocn231780126</subfield></datafield><datafield tag="090" ind1=" " ind2=" "><subfield code="a">D804.3</subfield><subfield code="b">.E25 1998</subfield></datafield><datafield tag="100" ind1="1" ind2=" "><subfield code="a">Eckler, Irene.</subfield><subfield code="9">no_linkage</subfield></datafield><datafield tag="245" ind1="1" ind2="2"><subfield code="a">A family torn apart by "Rassenschande" :</subfield><subfield code="b">political persecution   in the Third Reich : documents and reports from Hamburg in German and English /</subfield><subfield code="c">Irene Eckler ; English translation by Jean Macfarlane.</subfield></datafield><datafield tag="250" ind1=" " ind2=" "><subfield code="a">Überarb.&amp; erg.Aus.</subfield></datafield><datafield tag="260" ind1=" " ind2=" "><subfield code="a">Schwetzingen :</subfield><subfield code="b">Horneburg,</subfield><subfield code="c">1998.</subfield></datafield><datafield tag="300" ind1=" " ind2=" "><subfield code="a">269 p. :</subfield><subfield code="b">ill. ;</subfield><subfield code="c">24 cm.</subfield></datafield><datafield tag="650" ind1=" " ind2="0"><subfield code="a">Holocaust, Jewish (1939-1945)</subfield><subfield code="0">http://id.loc.gov/authorities/subjects/sh85061515</subfield></datafield><datafield tag="650" ind1=" " ind2="0"><subfield code="a">Racism</subfield><subfield code="z">Germany</subfield><subfield code="x">History</subfield><subfield code="y">20th century.</subfield><subfield code="0">http://id.loc.gov/authorities/subjects/sh2010109279</subfield></datafield><datafield tag="651" ind1=" " ind2="0"><subfield code="a">Germany</subfield><subfield code="x">History</subfield><subfield code="y">1933-1945.</subfield><subfield code="0">http://id.loc.gov/authorities/subjects/sh85054594</subfield></datafield><datafield tag="650" ind1=" " ind2="0"><subfield code="a">Political persecution</subfield><subfield code="z">Germany</subfield><subfield code="z">Hamburg</subfield><subfield code="x">History</subfield><subfield code="y">20th century.</subfield><subfield code="0">http://id.loc.gov/authorities/subjects/sh85104376</subfield></datafield><datafield tag="927" ind1=" " ind2=" "><subfield code="a">20000501RO</subfield></datafield><datafield tag="928" ind1=" " ind2=" "><subfield code="a">AC05152000</subfield></datafield><datafield tag="948" ind1=" " ind2=" "><subfield code="a">jjh</subfield></datafield></record>