<record><leader>02041cam a2200445 a 4500</leader><controlfield tag="001">9948980573408651</controlfield><controlfield tag="005">20250709175803.0</controlfield><controlfield tag="008">010529r20001999bs a     b    000 0 eng c</controlfield><datafield tag="010" ind1=" " ind2=" "><subfield code="a">  2001427225</subfield></datafield><datafield tag="020" ind1=" " ind2=" "><subfield code="a">999167621X (pbk.)</subfield></datafield><datafield tag="035" ind1=" " ind2=" "><subfield code="a">(OCoLC)45830628</subfield></datafield><datafield tag="035" ind1=" " ind2=" "><subfield code="9">(LC)NPU5990</subfield></datafield><datafield tag="035" ind1=" " ind2=" "><subfield code="9">FPL0817YL</subfield></datafield><datafield tag="035" ind1=" " ind2=" "><subfield code="a">4898057</subfield></datafield><datafield tag="035" ind1=" " ind2=" "><subfield code="a">(CtY)4898057-yaledb-Voyager</subfield></datafield><datafield tag="040" ind1=" " ind2=" "><subfield code="a">GZM</subfield><subfield code="c">GZM</subfield><subfield code="d">DLC</subfield></datafield><datafield tag="042" ind1=" " ind2=" "><subfield code="a">pcc</subfield></datafield><datafield tag="050" ind1="0" ind2="0"><subfield code="a">DT1058.S36</subfield><subfield code="b">L4 2000</subfield></datafield><datafield tag="079" ind1=" " ind2=" "><subfield code="a">45830628</subfield></datafield><datafield tag="100" ind1="1" ind2=" "><subfield code="a">Le Roux, Willemien.</subfield><subfield code="0">http://id.loc.gov/authorities/names/no2001006493</subfield><subfield code="1">http://viaf.org/viaf/32225432</subfield></datafield><datafield tag="245" ind1="1" ind2="0"><subfield code="a">Torn apart :</subfield><subfield code="b">San children as change agents in a process of acculturation : a report of the educational situation of San children in southern Africa /</subfield><subfield code="c">by Willemien le Roux.</subfield></datafield><datafield tag="250" ind1=" " ind2=" "><subfield code="a">2nd ed.</subfield></datafield><datafield tag="260" ind1=" " ind2=" "><subfield code="a">Shakawe, Botswana :</subfield><subfield code="b">W. le Roux :</subfield><subfield code="b">Kuru Development Trust ;</subfield><subfield code="a">Windhoek, Namibia :</subfield><subfield code="b">WIMSA,</subfield><subfield code="c">2000.</subfield></datafield><datafield tag="300" ind1=" " ind2=" "><subfield code="a">138, xxxvi p. :</subfield><subfield code="b">ill. ;</subfield><subfield code="c">30 cm.</subfield></datafield><datafield tag="500" ind1=" " ind2=" "><subfield code="a">"Commissioned by Kuru Development Trust and WIMSA (Working Group of the Indigenous Miniorities in Southern Africa)."</subfield></datafield><datafield tag="500" ind1=" " ind2=" "><subfield code="a">"First edition: November 1999."</subfield></datafield><datafield tag="500" ind1=" " ind2=" "><subfield code="a">"June 2000."</subfield></datafield><datafield tag="504" ind1=" " ind2=" "><subfield code="a">Includes bibliographical references (p. xxvi-xxxvi).</subfield></datafield><datafield tag="650" ind1=" " ind2="0"><subfield code="a">San (African people)</subfield><subfield code="z">Africa, Southern</subfield><subfield code="x">Education.</subfield></datafield><datafield tag="650" ind1=" " ind2="0"><subfield code="a">San (African people)</subfield><subfield code="z">Africa, Southern</subfield><subfield code="x">Social conditions</subfield><subfield code="y">20th century.</subfield></datafield><datafield tag="650" ind1=" " ind2="0"><subfield code="a">San (African people)</subfield><subfield code="z">Africa, Southern</subfield><subfield code="x">Cultural assimilation.</subfield></datafield><datafield tag="650" ind1=" " ind2="0"><subfield code="a">Acculturation</subfield><subfield code="x">Effect of children on</subfield><subfield code="z">Africa, Southern.</subfield></datafield><datafield tag="650" ind1=" " ind2="0"><subfield code="a">Children</subfield><subfield code="z">Africa, Southern.</subfield></datafield><datafield tag="650" ind1=" " ind2="0"><subfield code="a">Educational surveys</subfield><subfield code="z">Africa, Southern.</subfield></datafield><datafield tag="650" ind1=" " ind2="0"><subfield code="a">Social surveys</subfield><subfield code="z">Africa, Southern.</subfield></datafield><datafield tag="710" ind1="2" ind2=" "><subfield code="a">Kuru Development Trust.</subfield><subfield code="0">http://id.loc.gov/authorities/names/n95911201</subfield><subfield code="1">http://viaf.org/viaf/131512268</subfield></datafield><datafield tag="710" ind1="2" ind2=" "><subfield code="a">Working Group of Indigenous Minorities in Southern Africa.</subfield><subfield code="0">http://id.loc.gov/authorities/names/no99059985</subfield><subfield code="1">http://viaf.org/viaf/155835105</subfield></datafield><datafield tag="927" ind1=" " ind2=" "><subfield code="a">20020225RO</subfield></datafield><datafield tag="928" ind1=" " ind2=" "><subfield code="a">AC04082002</subfield></datafield><datafield tag="948" ind1=" " ind2=" "><subfield code="a">afrjb</subfield></datafield></record>