<record><leader>01034cam a2200337 a 4500</leader><controlfield tag="001">9963444863408651</controlfield><controlfield tag="005">20250709205611.0</controlfield><controlfield tag="008">030831s2003    nyu           000 0 eng d</controlfield><datafield tag="010" ind1=" " ind2=" "><subfield code="a">  2004297706</subfield></datafield><datafield tag="020" ind1=" " ind2=" "><subfield code="a">0743229169</subfield></datafield><datafield tag="035" ind1=" " ind2=" "><subfield code="a">(OCoLC)52862282</subfield></datafield><datafield tag="035" ind1=" " ind2=" "><subfield code="a">(DLC)  2004297706</subfield></datafield><datafield tag="035" ind1=" " ind2=" "><subfield code="a">6344486</subfield></datafield><datafield tag="035" ind1=" " ind2=" "><subfield code="a">(CtY)6344486-yaledb-Voyager</subfield></datafield><datafield tag="040" ind1=" " ind2=" "><subfield code="a">WIQ</subfield><subfield code="c">WIQ</subfield><subfield code="d">OMP</subfield><subfield code="d">NSB</subfield><subfield code="d">OCLCQ</subfield><subfield code="d">DLC</subfield></datafield><datafield tag="042" ind1=" " ind2=" "><subfield code="a">lccopycat</subfield></datafield><datafield tag="043" ind1=" " ind2=" "><subfield code="a">n-us-de</subfield></datafield><datafield tag="050" ind1="0" ind2="0"><subfield code="a">HV6565.D3</subfield><subfield code="b">S53 2003</subfield></datafield><datafield tag="079" ind1=" " ind2=" "><subfield code="a">ocm52862282</subfield></datafield><datafield tag="082" ind1="0" ind2="4"><subfield code="a">362.883</subfield><subfield code="2">22</subfield></datafield><datafield tag="100" ind1="1" ind2=" "><subfield code="a">Sharp, Debra Puglisi.</subfield><subfield code="0">http://id.loc.gov/authorities/names/no2003089256</subfield><subfield code="1">http://viaf.org/viaf/56307343</subfield></datafield><datafield tag="245" ind1="1" ind2="0"><subfield code="a">Shattered :</subfield><subfield code="b">reclaiming a life torn apart by violence /</subfield><subfield code="c">Debra Puglisi Sharp ; with Marjorie Preston.</subfield></datafield><datafield tag="250" ind1=" " ind2=" "><subfield code="a">1st Atria Books hardcover ed.</subfield></datafield><datafield tag="260" ind1=" " ind2=" "><subfield code="a">New York :</subfield><subfield code="b">Atria Books,</subfield><subfield code="c">c2003.</subfield></datafield><datafield tag="300" ind1=" " ind2=" "><subfield code="a">xiii, 286 p. ;</subfield><subfield code="c">23 cm.</subfield></datafield><datafield tag="600" ind1="1" ind2="0"><subfield code="a">Sharp, Debra Puglisi.</subfield><subfield code="0">http://id.loc.gov/authorities/names/no2003089256</subfield><subfield code="1">http://viaf.org/viaf/56307343</subfield></datafield><datafield tag="650" ind1=" " ind2="0"><subfield code="a">Rape victims</subfield><subfield code="z">Delaware.</subfield><subfield code="0">http://id.loc.gov/authorities/subjects/sh85111415</subfield></datafield><datafield tag="650" ind1=" " ind2="0"><subfield code="a">Kidnapping</subfield><subfield code="z">Delaware.</subfield><subfield code="0">http://id.loc.gov/authorities/subjects/sh85072244</subfield></datafield><datafield tag="650" ind1=" " ind2="0"><subfield code="a">Women</subfield><subfield code="x">Crimes against</subfield><subfield code="z">Delaware.</subfield><subfield code="0">http://id.loc.gov/authorities/subjects/sh85147274</subfield></datafield><datafield tag="650" ind1=" " ind2="0"><subfield code="a">Sex crimes.</subfield><subfield code="0">http://id.loc.gov/authorities/subjects/sh85120572</subfield></datafield><datafield tag="700" ind1="1" ind2=" "><subfield code="a">Preston, Marjorie.</subfield><subfield code="0">http://id.loc.gov/authorities/names/no2004001121</subfield><subfield code="1">http://viaf.org/viaf/12008792</subfield></datafield></record>