<record><leader>00944cam a22002894a 4500</leader><controlfield tag="001">9964331373408651</controlfield><controlfield tag="005">20250509054334.0</controlfield><controlfield tag="008">010703s1999    is a     b    000 0 eng  </controlfield><datafield tag="010" ind1=" " ind2=" "><subfield code="a">   00311586 </subfield><subfield code="z">  2001304290</subfield></datafield><datafield tag="019" ind1=" " ind2=" "><subfield code="a">43118344</subfield></datafield><datafield tag="035" ind1=" " ind2=" "><subfield code="a">(OCoLC)43970389</subfield></datafield><datafield tag="035" ind1=" " ind2=" "><subfield code="a">6433137</subfield></datafield><datafield tag="035" ind1=" " ind2=" "><subfield code="a">(CtY)6433137-yaledb-Voyager</subfield></datafield><datafield tag="035" ind1=" " ind2=" "><subfield code="z">(OCoLC)43118344</subfield></datafield><datafield tag="040" ind1=" " ind2=" "><subfield code="a">DLC</subfield><subfield code="c">DLC</subfield></datafield><datafield tag="041" ind1="1" ind2=" "><subfield code="a">eng</subfield><subfield code="h">heb</subfield></datafield><datafield tag="042" ind1=" " ind2=" "><subfield code="a">pcc</subfield></datafield><datafield tag="043" ind1=" " ind2=" "><subfield code="a">a-is---</subfield><subfield code="a">awba---</subfield><subfield code="a">awgz---</subfield></datafield><datafield tag="050" ind1="0" ind2="0"><subfield code="a">DS113.7</subfield><subfield code="b">.K32513 1999</subfield></datafield><datafield tag="079" ind1=" " ind2=" "><subfield code="a">ocm43970389</subfield></datafield><datafield tag="100" ind1="1" ind2=" "><subfield code="a">Kadman, Noga.</subfield><subfield code="0">http://id.loc.gov/authorities/names/n96073033</subfield><subfield code="1">http://viaf.org/viaf/36183371</subfield></datafield><datafield tag="240" ind1="1" ind2="0"><subfield code="a">Mishpaḥot shesuʻot.</subfield><subfield code="l">English</subfield></datafield><datafield tag="245" ind1="1" ind2="0"><subfield code="a">Families torn apart :</subfield><subfield code="b">separation of Palestinian families in the occupied territories.</subfield></datafield><datafield tag="260" ind1=" " ind2=" "><subfield code="a">Jerusalem :</subfield><subfield code="b">[B'Tselem,</subfield><subfield code="c">1999]</subfield></datafield><datafield tag="300" ind1=" " ind2=" "><subfield code="a">164 p. :</subfield><subfield code="b">ill. ;</subfield><subfield code="c">23 cm.</subfield></datafield><datafield tag="504" ind1=" " ind2=" "><subfield code="a">Includes bibliographical references.</subfield></datafield><datafield tag="650" ind1=" " ind2="0"><subfield code="a">Palestinian Arabs</subfield><subfield code="x">Civil rights</subfield><subfield code="z">West Bank.</subfield><subfield code="0">http://id.loc.gov/authorities/subjects/sh2010104963</subfield></datafield><datafield tag="650" ind1=" " ind2="0"><subfield code="a">Palestinian Arabs</subfield><subfield code="x">Civil rights</subfield><subfield code="z">Gaza Strip.</subfield><subfield code="0">http://id.loc.gov/authorities/subjects/sh2010104964</subfield></datafield><datafield tag="651" ind1=" " ind2="0"><subfield code="a">Israel</subfield><subfield code="x">Emigration and immigration</subfield><subfield code="x">Government policy.</subfield></datafield></record>