<record><leader>00804cam a2200241Ia 4500</leader><controlfield tag="001">9965542473408651</controlfield><controlfield tag="005">20250709210952.0</controlfield><controlfield tag="008">040331s2003    sa ac         000 0ceng d</controlfield><datafield tag="020" ind1=" " ind2=" "><subfield code="a">0620312262 (pbk.)</subfield></datafield><datafield tag="035" ind1=" " ind2=" "><subfield code="a">(OCoLC)54888097</subfield></datafield><datafield tag="035" ind1=" " ind2=" "><subfield code="a">6554247</subfield></datafield><datafield tag="035" ind1=" " ind2=" "><subfield code="a">(CtY)6554247-yaledb-Voyager</subfield></datafield><datafield tag="040" ind1=" " ind2=" "><subfield code="a">OI@</subfield><subfield code="c">OI@</subfield><subfield code="d">OCLCQ</subfield><subfield code="d">EMU</subfield></datafield><datafield tag="043" ind1=" " ind2=" "><subfield code="a">f-sa---</subfield></datafield><datafield tag="050" ind1=" " ind2="4"><subfield code="a">JV8882</subfield><subfield code="b">.T67 2003</subfield></datafield><datafield tag="079" ind1=" " ind2=" "><subfield code="a">ocm54888097</subfield></datafield><datafield tag="245" ind1="0" ind2="0"><subfield code="a">Torn apart :</subfield><subfield code="b">thirteen refugees tell their stories /</subfield><subfield code="c">edited by Shirley Gunn and Mary-Magdelene Tal.</subfield></datafield><datafield tag="260" ind1=" " ind2=" "><subfield code="a">Cape Town :</subfield><subfield code="b">Human Rights Media Centre,</subfield><subfield code="c">2003.</subfield></datafield><datafield tag="300" ind1=" " ind2=" "><subfield code="a">148 p. :</subfield><subfield code="b">ill., ports. ;</subfield><subfield code="c">21 cm.</subfield></datafield><datafield tag="650" ind1=" " ind2="0"><subfield code="a">Refugees</subfield><subfield code="z">South Africa</subfield><subfield code="v">Biography.</subfield><subfield code="0">http://id.loc.gov/authorities/subjects/sh85112299</subfield></datafield><datafield tag="650" ind1=" " ind2="0"><subfield code="a">Refugees</subfield><subfield code="z">Africa</subfield><subfield code="v">Biography.</subfield><subfield code="0">http://id.loc.gov/authorities/subjects/sh85112299</subfield></datafield><datafield tag="650" ind1=" " ind2="0"><subfield code="a">Xenophobia</subfield><subfield code="z">South Africa.</subfield><subfield code="0">http://id.loc.gov/authorities/subjects/sh85148799</subfield></datafield><datafield tag="700" ind1="1" ind2=" "><subfield code="a">Gunn, Shirley.</subfield><subfield code="9">no_linkage</subfield></datafield></record>