<record><leader>01249cam a2200289 a 4500</leader><controlfield tag="001">9967535613408651</controlfield><controlfield tag="005">20250709205813.0</controlfield><controlfield tag="008">030930s2003    onca     b    000 0deng  </controlfield><datafield tag="016" ind1=" " ind2=" "><subfield code="a">20039058603</subfield></datafield><datafield tag="020" ind1=" " ind2=" "><subfield code="a">1894710401</subfield></datafield><datafield tag="035" ind1=" " ind2=" "><subfield code="a">(OCoLC)53253729</subfield></datafield><datafield tag="035" ind1=" " ind2=" "><subfield code="a">6753561</subfield></datafield><datafield tag="035" ind1=" " ind2=" "><subfield code="a">(CtY)6753561-yaledb-Voyager</subfield></datafield><datafield tag="040" ind1=" " ind2=" "><subfield code="a">NLC</subfield><subfield code="b">eng</subfield><subfield code="c">NLC</subfield><subfield code="d">OCLCQ</subfield><subfield code="d">CtY-D</subfield></datafield><datafield tag="043" ind1=" " ind2=" "><subfield code="a">e-un---</subfield></datafield><datafield tag="050" ind1=" " ind2="4"><subfield code="a">BX8119.U45</subfield><subfield code="b">N48 2003</subfield></datafield><datafield tag="079" ind1=" " ind2=" "><subfield code="a">ocm53253729</subfield></datafield><datafield tag="082" ind1="0" ind2=" "><subfield code="a">940.54/81477</subfield><subfield code="2">22</subfield></datafield><datafield tag="100" ind1="1" ind2=" "><subfield code="a">Neufeld, Justina D.,</subfield><subfield code="d">1930-</subfield><subfield code="0">http://id.loc.gov/authorities/names/nb2004311730</subfield><subfield code="1">http://viaf.org/viaf/43815931</subfield></datafield><datafield tag="245" ind1="1" ind2="2"><subfield code="a">A family torn apart /</subfield><subfield code="c">by Justina D. Neufeld.</subfield></datafield><datafield tag="260" ind1=" " ind2=" "><subfield code="a">Kitchener, Ont. :</subfield><subfield code="b">Pandora Press ;</subfield><subfield code="a">Scottdale, Pa. :</subfield><subfield code="b">Co-published with Herald Press,</subfield><subfield code="c">c2003.</subfield></datafield><datafield tag="300" ind1=" " ind2=" "><subfield code="a">241 p. :</subfield><subfield code="b">ill. ;</subfield><subfield code="c">23 cm.</subfield></datafield><datafield tag="504" ind1=" " ind2=" "><subfield code="a">Includes bibliographical references (p. 241).</subfield></datafield><datafield tag="600" ind1="1" ind2="0"><subfield code="a">Neufeld, Justina D.,</subfield><subfield code="d">1930-</subfield><subfield code="0">http://id.loc.gov/authorities/names/nb2004311730</subfield><subfield code="1">http://viaf.org/viaf/43815931</subfield></datafield><datafield tag="600" ind1="3" ind2="0"><subfield code="a">Neufeld family.</subfield><subfield code="9">no_linkage</subfield></datafield><datafield tag="650" ind1=" " ind2="0"><subfield code="a">Mennonites</subfield><subfield code="z">Ukraine</subfield><subfield code="v">Biography.</subfield></datafield><datafield tag="650" ind1=" " ind2="0"><subfield code="a">World War, 1939-1945</subfield><subfield code="v">Personal narratives, Ukrainian.</subfield><subfield code="0">http://id.loc.gov/authorities/subjects/sh2008113903</subfield></datafield></record>