<record><leader>01747cam a2200385 a 4500</leader><controlfield tag="001">9980293633408651</controlfield><controlfield tag="005">20250509222736.0</controlfield><controlfield tag="008">071102s2006    cr            000 0 spa c</controlfield><datafield tag="020" ind1=" " ind2=" "><subfield code="a">9968930156</subfield></datafield><datafield tag="020" ind1=" " ind2=" "><subfield code="a">9789968930154</subfield></datafield><datafield tag="035" ind1=" " ind2=" "><subfield code="a">(OCoLC)189259701</subfield></datafield><datafield tag="035" ind1=" " ind2=" "><subfield code="a">8029363</subfield></datafield><datafield tag="035" ind1=" " ind2=" "><subfield code="a">(CtY)8029363-yaledb-Voyager</subfield></datafield><datafield tag="040" ind1=" " ind2=" "><subfield code="a">CUY</subfield><subfield code="c">CUY</subfield><subfield code="d">IXA</subfield></datafield><datafield tag="041" ind1="0" ind2=" "><subfield code="a">spa</subfield><subfield code="a">eng</subfield></datafield><datafield tag="042" ind1=" " ind2=" "><subfield code="a">pcc</subfield></datafield><datafield tag="043" ind1=" " ind2=" "><subfield code="a">nc-----</subfield><subfield code="a">n-us---</subfield></datafield><datafield tag="050" ind1=" " ind2="4"><subfield code="a">JV7412</subfield><subfield code="b">.R63 2006</subfield></datafield><datafield tag="079" ind1=" " ind2=" "><subfield code="a">ocn189259701</subfield></datafield><datafield tag="100" ind1="1" ind2=" "><subfield code="a">Rocha, José Luis.</subfield><subfield code="0">http://id.loc.gov/authorities/names/n2005027542</subfield><subfield code="1">http://viaf.org/viaf/38781373</subfield></datafield><datafield tag="245" ind1="1" ind2="4"><subfield code="a">Una región desgarrada :</subfield><subfield code="b">dinámicas migratorias en Centroamérica = A region torn apart : the dynamics of migration in Central America /</subfield><subfield code="c">José Luis Rocha Gómez.</subfield></datafield><datafield tag="246" ind1="3" ind2="0"><subfield code="a">Dinámicas migratorias en Centroamérica</subfield></datafield><datafield tag="246" ind1="3" ind2="1"><subfield code="a">Region torn apart :</subfield><subfield code="b">the dynamics of migration in Central America</subfield></datafield><datafield tag="260" ind1=" " ind2=" "><subfield code="a">[San José, Costa Rica] :</subfield><subfield code="b">Servicio Jesuita para Migrantes Centroamérica ;</subfield><subfield code="a">[Managua, Nicaragua] :</subfield><subfield code="b">Red Nicaragüense de la Sociedad Civil para las Migraciones,</subfield><subfield code="c">[2006]</subfield></datafield><datafield tag="300" ind1=" " ind2=" "><subfield code="a">163, 153 p. ;</subfield><subfield code="c">24 cm.</subfield></datafield><datafield tag="490" ind1="1" ind2=" "><subfield code="a">Serie Estudios sobre la diáspora centroamericana ;</subfield><subfield code="v">v. 1</subfield></datafield><datafield tag="546" ind1=" " ind2=" "><subfield code="a">Spanish and English.</subfield></datafield><datafield tag="500" ind1=" " ind2=" "><subfield code="a">No collective t.p. Titles from separate covers; works issued back to back and inverted (Tête-bêche format).</subfield></datafield><datafield tag="500" ind1=" " ind2=" "><subfield code="a">On cover (on ill.): "Central American export."</subfield></datafield><datafield tag="651" ind1=" " ind2="0"><subfield code="a">Central America</subfield><subfield code="x">Emigration and immigration.</subfield><subfield code="0">http://id.loc.gov/authorities/subjects/sh85021871</subfield></datafield><datafield tag="650" ind1=" " ind2="0"><subfield code="a">Migration, Internal</subfield><subfield code="z">Central America.</subfield><subfield code="0">http://id.loc.gov/authorities/subjects/sh85085069</subfield></datafield><datafield tag="651" ind1=" " ind2="0"><subfield code="a">United States</subfield><subfield code="x">Emigration and immigration.</subfield><subfield code="0">http://id.loc.gov/authorities/subjects/sh85140040</subfield></datafield><datafield tag="650" ind1=" " ind2="0"><subfield code="a">Emigrant remittances</subfield><subfield code="z">Central America.</subfield><subfield code="0">http://id.loc.gov/authorities/subjects/sh85042779</subfield></datafield><datafield tag="710" ind1="2" ind2=" "><subfield code="a">Central American Jesuit Service for Migrants.</subfield><subfield code="0">http://id.loc.gov/authorities/names/no2008053430</subfield><subfield code="1">http://viaf.org/viaf/132913905</subfield></datafield><datafield tag="710" ind1="2" ind2=" "><subfield code="a">Red Nicaragüense de la Sociedad Civil para las Migraciones.</subfield><subfield code="0">http://id.loc.gov/authorities/names/no2008077358</subfield><subfield code="1">http://viaf.org/viaf/142281775</subfield></datafield><datafield tag="830" ind1=" " ind2="0"><subfield code="a">Studies on the Central American diaspora series ;</subfield><subfield code="v">v. 1.</subfield></datafield></record>