<record><leader>01066cam a2200313 a 4500</leader><controlfield tag="001">9983285513408651</controlfield><controlfield tag="005">20250709231306.0</controlfield><controlfield tag="008">080808s2007    enk      b    001 0 eng  </controlfield><datafield tag="010" ind1=" " ind2=" "><subfield code="a">  2008399685</subfield></datafield><datafield tag="020" ind1=" " ind2=" "><subfield code="a">9783039113354 (pbk.)</subfield></datafield><datafield tag="020" ind1=" " ind2=" "><subfield code="a">3039113356 (pbk.)</subfield></datafield><datafield tag="035" ind1=" " ind2=" "><subfield code="a">(OCoLC)237048758</subfield></datafield><datafield tag="035" ind1=" " ind2=" "><subfield code="a">(DLC)  2008399685</subfield></datafield><datafield tag="035" ind1=" " ind2=" "><subfield code="a">8328551</subfield></datafield><datafield tag="035" ind1=" " ind2=" "><subfield code="a">(CtY)8328551-yaledb-Voyager</subfield></datafield><datafield tag="040" ind1=" " ind2=" "><subfield code="a">UKM</subfield><subfield code="c">UKM</subfield><subfield code="d">BTCTA</subfield><subfield code="d">BAKER</subfield><subfield code="d">YDXCP</subfield><subfield code="d">OHX</subfield><subfield code="d">DLC</subfield><subfield code="d">CtY</subfield></datafield><datafield tag="042" ind1=" " ind2=" "><subfield code="a">ukblsr</subfield><subfield code="a">lccopycat</subfield></datafield><datafield tag="050" ind1="0" ind2="0"><subfield code="a">PQ7082.N7</subfield><subfield code="b">W67 2007</subfield></datafield><datafield tag="079" ind1=" " ind2=" "><subfield code="a">ocn237048758</subfield></datafield><datafield tag="082" ind1="0" ind2="4"><subfield code="a">863.0093552</subfield><subfield code="2">22</subfield></datafield><datafield tag="245" ind1="0" ind2="2"><subfield code="a">A world torn apart :</subfield><subfield code="b">representations of violence in Latin American narrative /</subfield><subfield code="c">Victoria Carpenter, ed.</subfield></datafield><datafield tag="260" ind1=" " ind2=" "><subfield code="a">Oxford :</subfield><subfield code="b">Peter Lang,</subfield><subfield code="c">c2007.</subfield></datafield><datafield tag="300" ind1=" " ind2=" "><subfield code="a">304 p. ;</subfield><subfield code="c">23 cm.</subfield></datafield><datafield tag="490" ind1="1" ind2=" "><subfield code="a">Cultural identity studies ;</subfield><subfield code="v">v. 9</subfield></datafield><datafield tag="504" ind1=" " ind2=" "><subfield code="a">Includes bibliographic references and index.</subfield></datafield><datafield tag="650" ind1=" " ind2="0"><subfield code="a">Latin American fiction</subfield><subfield code="x">History and criticism.</subfield><subfield code="0">http://id.loc.gov/authorities/subjects/sh2009128889</subfield></datafield><datafield tag="650" ind1=" " ind2="0"><subfield code="a">Violence in literature.</subfield><subfield code="0">http://id.loc.gov/authorities/subjects/sh85143523</subfield></datafield><datafield tag="700" ind1="1" ind2=" "><subfield code="a">Carpenter, Victoria.</subfield><subfield code="0">http://id.loc.gov/authorities/names/nb2008008034</subfield><subfield code="1">http://viaf.org/viaf/25807676</subfield></datafield><datafield tag="830" ind1=" " ind2="0"><subfield code="a">Cultural identity studies ;</subfield><subfield code="v">v. 9.</subfield></datafield></record>