<record><leader>01258cam a2200325 a 4500</leader><controlfield tag="001">9983469623408651</controlfield><controlfield tag="005">20250709231701.0</controlfield><controlfield tag="008">080903s2008    stkab         000 0ceng  </controlfield><datafield tag="020" ind1=" " ind2=" "><subfield code="a">9781845963682 (pbk.)</subfield></datafield><datafield tag="020" ind1=" " ind2=" "><subfield code="a">1845963687 (pbk.)</subfield></datafield><datafield tag="035" ind1=" " ind2=" "><subfield code="a">(OCoLC)225444556</subfield></datafield><datafield tag="035" ind1=" " ind2=" "><subfield code="a">8346962</subfield></datafield><datafield tag="035" ind1=" " ind2=" "><subfield code="a">(CtY)8346962-yaledb-Voyager</subfield></datafield><datafield tag="040" ind1=" " ind2=" "><subfield code="a">UKM</subfield><subfield code="c">UKM</subfield><subfield code="d">BTCTA</subfield><subfield code="d">YDXCP</subfield><subfield code="d">CtY</subfield></datafield><datafield tag="043" ind1=" " ind2=" "><subfield code="a">a-br---</subfield></datafield><datafield tag="050" ind1=" " ind2="4"><subfield code="a">DS530.32.L4</subfield><subfield code="b">A3 2008</subfield></datafield><datafield tag="079" ind1=" " ind2=" "><subfield code="a">ocn225444556</subfield></datafield><datafield tag="082" ind1="0" ind2="4"><subfield code="a">959.1040922</subfield><subfield code="2">22</subfield></datafield><datafield tag="100" ind1="1" ind2=" "><subfield code="a">Le Fleur, Sybil.</subfield><subfield code="9">no_linkage</subfield></datafield><datafield tag="245" ind1="1" ind2="0"><subfield code="a">Torn apart :</subfield><subfield code="b">the true story of two sisters who found each other after sixty years /</subfield><subfield code="c">by Sybil and Blanche Le Fleur with Derek Flory.</subfield></datafield><datafield tag="260" ind1=" " ind2=" "><subfield code="a">Edinburgh :</subfield><subfield code="b">Mainstream,</subfield><subfield code="c">2008.</subfield></datafield><datafield tag="300" ind1=" " ind2=" "><subfield code="a">224 p. :</subfield><subfield code="b">ill. (some col.), maps ;</subfield><subfield code="c">23 cm.</subfield></datafield><datafield tag="600" ind1="1" ind2="0"><subfield code="a">Le Fleur, Sybil</subfield><subfield code="x">Childhood and youth.</subfield><subfield code="9">no_linkage</subfield></datafield><datafield tag="600" ind1="1" ind2="0"><subfield code="a">Le Fleur, Blanche</subfield><subfield code="x">Childhood and youth.</subfield><subfield code="9">no_linkage</subfield></datafield><datafield tag="650" ind1=" " ind2="0"><subfield code="a">Sisters</subfield><subfield code="z">Burma</subfield><subfield code="v">Biography.</subfield></datafield><datafield tag="650" ind1=" " ind2="0"><subfield code="a">Family reunions</subfield><subfield code="v">Biography.</subfield></datafield><datafield tag="651" ind1=" " ind2="0"><subfield code="a">Burma</subfield><subfield code="x">History</subfield><subfield code="y">Japanese occupation, 1942-1945.</subfield><subfield code="0">http://id.loc.gov/authorities/subjects/sh85018122</subfield></datafield><datafield tag="651" ind1=" " ind2="0"><subfield code="a">Burma</subfield><subfield code="x">Social conditions</subfield><subfield code="y">20th century.</subfield></datafield><datafield tag="700" ind1="1" ind2=" "><subfield code="a">Le Fleur, Blanche.</subfield><subfield code="9">no_linkage</subfield></datafield><datafield tag="700" ind1="1" ind2=" "><subfield code="a">Flory, Derek.</subfield><subfield code="9">no_linkage</subfield></datafield></record>