<record><leader>01931cam a2200397 a 4500</leader><controlfield tag="001">9985064643408651</controlfield><controlfield tag="005">20250709231549.0</controlfield><controlfield tag="008">081229s2008    dcu          f000 0 eng c</controlfield><datafield tag="020" ind1=" " ind2=" "><subfield code="a">9780160820663</subfield></datafield><datafield tag="020" ind1=" " ind2=" "><subfield code="a">0160820669</subfield></datafield><datafield tag="035" ind1=" " ind2=" "><subfield code="a">(OCoLC)276432119</subfield></datafield><datafield tag="035" ind1=" " ind2=" "><subfield code="a">8506464</subfield></datafield><datafield tag="035" ind1=" " ind2=" "><subfield code="a">(GPO)tmp97371955</subfield></datafield><datafield tag="035" ind1=" " ind2=" "><subfield code="a">(CtY)8506464-yaledb-Voyager</subfield></datafield><datafield tag="037" ind1=" " ind2=" "><subfield code="a">552-070-38222-4</subfield><subfield code="b">GPO</subfield></datafield><datafield tag="040" ind1=" " ind2=" "><subfield code="a">GPO</subfield><subfield code="c">GPO</subfield><subfield code="d">MvI</subfield></datafield><datafield tag="042" ind1=" " ind2=" "><subfield code="a">pcc</subfield></datafield><datafield tag="043" ind1=" " ind2=" "><subfield code="a">n-us---</subfield><subfield code="a">nwcu---</subfield></datafield><datafield tag="049" ind1=" " ind2=" "><subfield code="a">gdcg</subfield></datafield><datafield tag="050" ind1="1" ind2="4"><subfield code="a">KF27</subfield><subfield code="b">.F64814 2008o</subfield></datafield><datafield tag="074" ind1=" " ind2=" "><subfield code="a">1017-A-07</subfield></datafield><datafield tag="079" ind1=" " ind2=" "><subfield code="a">ocn276432119</subfield></datafield><datafield tag="086" ind1="0" ind2=" "><subfield code="a">Y 4.F 76/1:110-220</subfield></datafield><datafield tag="088" ind1=" " ind2=" "><subfield code="a">Serial no. 110-220 (United States. Congress. House. Committee on Foreign Affairs)</subfield></datafield><datafield tag="110" ind1="1" ind2=" "><subfield code="a">United States.</subfield><subfield code="b">Congress.</subfield><subfield code="b">House.</subfield><subfield code="b">Committee on Foreign Affairs.</subfield><subfield code="b">Subcommittee on International Organizations, Human Rights, and Oversight.</subfield><subfield code="0">http://id.loc.gov/authorities/names/no2007048893</subfield><subfield code="1">http://viaf.org/viaf/151644504</subfield></datafield><datafield tag="245" ind1="1" ind2="0"><subfield code="a">Families torn apart :</subfield><subfield code="b">human rights and U.S. restrictions on Cuban-American travel : hearing before the Subcommittee on International Organizations, Human Rights, and Oversight of the Committee on Foreign Affairs, House of Representatives, One Hundred Tenth Congress, second session, September 18, 2008.</subfield></datafield><datafield tag="246" ind1="3" ind2="0"><subfield code="a">Human rights and U.S. restrictions on Cuban-American travel</subfield></datafield><datafield tag="260" ind1=" " ind2=" "><subfield code="a">Washington :</subfield><subfield code="b">U.S. G.P.O. :</subfield><subfield code="b">For sale by the Supt. of Docs., U.S. G.P.O.,</subfield><subfield code="c">2008.</subfield></datafield><datafield tag="300" ind1=" " ind2=" "><subfield code="a">iii, 75 p. ;</subfield><subfield code="c">24 cm.</subfield></datafield><datafield tag="500" ind1=" " ind2=" "><subfield code="a">"Serial no. 110-220."</subfield></datafield><datafield tag="500" ind1=" " ind2=" "><subfield code="a">Shipping list no.: 2009-0106-P.</subfield></datafield><datafield tag="650" ind1=" " ind2="0"><subfield code="a">Cuban Americans</subfield><subfield code="x">Travel</subfield><subfield code="z">Cuba.</subfield><subfield code="0">http://id.loc.gov/authorities/subjects/sh85034614</subfield></datafield><datafield tag="650" ind1=" " ind2="0"><subfield code="a">Cuban American families</subfield><subfield code="x">Travel</subfield><subfield code="z">Cuba.</subfield><subfield code="0">http://id.loc.gov/authorities/subjects/sh85034613</subfield></datafield><datafield tag="650" ind1=" " ind2="0"><subfield code="a">Travel restrictions</subfield><subfield code="z">United States.</subfield><subfield code="0">http://id.loc.gov/authorities/subjects/sh85003552</subfield></datafield><datafield tag="650" ind1=" " ind2="0"><subfield code="a">Humanitarian assistance</subfield><subfield code="z">Cuba.</subfield><subfield code="0">http://id.loc.gov/authorities/subjects/sh96008124</subfield></datafield><datafield tag="776" ind1="1" ind2=" "><subfield code="a">United States. Congress. House. Committee on Foreign Affairs. Subcommittee on International Organizations, Human Rights, and Oversight.</subfield><subfield code="t">Families torn apart : human rights and U.S. restrictions on Cuban-American travel</subfield><subfield code="h">iii, 75 p.</subfield><subfield code="w">(OCoLC)276348425</subfield></datafield></record>