<record><leader>00840cam a2200229 a 4500</leader><controlfield tag="001">9998058593408651</controlfield><controlfield tag="005">20250709235829.0</controlfield><controlfield tag="008">110624s2011    sa ac         000 0 eng d</controlfield><datafield tag="035" ind1=" " ind2=" "><subfield code="a">(OCoLC)ocn910497722</subfield></datafield><datafield tag="035" ind1=" " ind2=" "><subfield code="a">(CtY)9805859-yaledb-Voyager</subfield></datafield><datafield tag="040" ind1=" " ind2=" "><subfield code="a">VRV</subfield><subfield code="c">VRV</subfield><subfield code="d">OCLCO</subfield></datafield><datafield tag="050" ind1=" " ind2="4"><subfield code="a">NB237.O398</subfield><subfield code="b">A4 2011</subfield></datafield><datafield tag="100" ind1="1" ind2=" "><subfield code="a">Okore, Nnenna,</subfield><subfield code="d">1975-</subfield><subfield code="0">http://id.loc.gov/authorities/names/no2015150146</subfield><subfield code="1">http://viaf.org/viaf/310519499</subfield></datafield><datafield tag="245" ind1="1" ind2="0"><subfield code="a">Nnenna Okore :</subfield><subfield code="b">torn apart : April 28-June 4, 2011.</subfield></datafield><datafield tag="246" ind1="3" ind2="0"><subfield code="a">Torn apart</subfield></datafield><datafield tag="260" ind1=" " ind2=" "><subfield code="a">Johannesburg :</subfield><subfield code="b">David Krut Publishing,</subfield><subfield code="c">[2011]</subfield></datafield><datafield tag="300" ind1=" " ind2=" "><subfield code="a">[24] p. :</subfield><subfield code="b">col. ill., port. ;</subfield><subfield code="c">22 cm.</subfield></datafield><datafield tag="500" ind1=" " ind2=" "><subfield code="a">Published on the occasion of the exhibition held at David Krut Projects, New York, April 28-June 4, 2011.</subfield></datafield><datafield tag="500" ind1=" " ind2=" "><subfield code="a">Essay by Kate McCrickard.</subfield></datafield><datafield tag="600" ind1="1" ind2="0"><subfield code="a">Okore, Nnenna,</subfield><subfield code="d">1975-</subfield><subfield code="v">Exhibitions.</subfield><subfield code="0">http://id.loc.gov/authorities/names/no2015150146</subfield><subfield code="1">http://viaf.org/viaf/310519499</subfield></datafield><datafield tag="700" ind1="1" ind2=" "><subfield code="a">McCrickard, Kate.</subfield><subfield code="9">no_linkage</subfield></datafield><datafield tag="710" ind1="2" ind2=" "><subfield code="a">David Krut Projects (Firm)</subfield><subfield code="0">http://id.loc.gov/authorities/names/no2009045230</subfield><subfield code="1">http://viaf.org/viaf/146977815</subfield></datafield></record>