<record><leader>01739nam a2200373 a 4500</leader><controlfield tag="001">99101348183408651</controlfield><controlfield tag="005">20250709234248.0</controlfield><controlfield tag="006">m        d f      </controlfield><controlfield tag="007">cr an|||||||||</controlfield><controlfield tag="008">111118s2011    dcuabh  ob   f000 0 eng c</controlfield><datafield tag="035" ind1=" " ind2=" "><subfield code="a">(OCoLC)ocn761392055</subfield></datafield><datafield tag="035" ind1=" " ind2=" "><subfield code="a">(CtY)10134818-yaledb-Voyager</subfield></datafield><datafield tag="040" ind1=" " ind2=" "><subfield code="a">GPO</subfield><subfield code="c">GPO</subfield><subfield code="d">GPO</subfield><subfield code="d">MvI</subfield></datafield><datafield tag="042" ind1=" " ind2=" "><subfield code="a">pcc</subfield></datafield><datafield tag="043" ind1=" " ind2=" "><subfield code="a">e-gx---</subfield><subfield code="a">e-ur---</subfield><subfield code="a">n-us---</subfield></datafield><datafield tag="049" ind1=" " ind2=" "><subfield code="a">yuli</subfield></datafield><datafield tag="074" ind1=" " ind2=" "><subfield code="a">0856-A-36 (online)</subfield></datafield><datafield tag="086" ind1="0" ind2=" "><subfield code="a">PREX 3.22:B 45</subfield></datafield><datafield tag="099" ind1=" " ind2=" "><subfield code="h">None</subfield><subfield code="z">Online Resource</subfield></datafield><datafield tag="245" ind1="0" ind2="2"><subfield code="a">A city torn apart</subfield><subfield code="h">[electronic resource] :</subfield><subfield code="b">building of the Berlin Wall.</subfield></datafield><datafield tag="260" ind1=" " ind2=" "><subfield code="a">[Washington, D.C.] :</subfield><subfield code="b">Central Intelligence Agency, Historical Collections,</subfield><subfield code="c">[2011]</subfield></datafield><datafield tag="300" ind1=" " ind2=" "><subfield code="a">1 online resource (ii, 46 p. :</subfield><subfield code="b">ill., maps, facsims.)</subfield></datafield><datafield tag="500" ind1=" " ind2=" "><subfield code="a">Title from PDF t.p. (viewed on Nov. 18, 2011).</subfield></datafield><datafield tag="500" ind1=" " ind2=" "><subfield code="a">Published in conjunction with a symposium held on Oct. 27, 2011 at the National Archives and Records Administration, Washington, DC.</subfield></datafield><datafield tag="504" ind1=" " ind2=" "><subfield code="a">Includes bibliographical references.</subfield></datafield><datafield tag="650" ind1=" " ind2="0"><subfield code="a">Berlin Wall, Berlin, Germany, 1961-1989</subfield><subfield code="v">Congresses.</subfield><subfield code="0">http://id.loc.gov/authorities/subjects/sh85013357</subfield></datafield><datafield tag="651" ind1=" " ind2="0"><subfield code="a">Berlin (Germany)</subfield><subfield code="x">Politics and government</subfield><subfield code="y">1945-1990</subfield><subfield code="v">Congresses.</subfield></datafield><datafield tag="651" ind1=" " ind2="0"><subfield code="a">Berlin (Germany)</subfield><subfield code="x">History</subfield><subfield code="y">1945-1990</subfield><subfield code="v">Congresses.</subfield></datafield><datafield tag="651" ind1=" " ind2="0"><subfield code="a">Soviet Union</subfield><subfield code="x">Foreign relations</subfield><subfield code="z">United States</subfield><subfield code="y">1945-1991</subfield><subfield code="v">Congresses.</subfield></datafield><datafield tag="651" ind1=" " ind2="0"><subfield code="a">United States</subfield><subfield code="x">Foreign relations</subfield><subfield code="z">Soviet Union</subfield><subfield code="y">1945-1989</subfield><subfield code="v">Congresses.</subfield></datafield><datafield tag="710" ind1="1" ind2=" "><subfield code="a">United States.</subfield><subfield code="b">Central Intelligence Agency.</subfield><subfield code="b">Historical Collections Division.</subfield><subfield code="0">http://id.loc.gov/authorities/names/no2011041860</subfield><subfield code="1">http://viaf.org/viaf/263202393</subfield></datafield><datafield tag="776" ind1="0" ind2="8"><subfield code="i">Print version:</subfield><subfield code="t">City torn apart</subfield><subfield code="w">(OCoLC)761391197</subfield></datafield><datafield tag="787" ind1="0" ind2="8"><subfield code="i">Related online historical collection:</subfield><subfield code="t">Berlin Wall collection</subfield><subfield code="w">(DLC)  2011230792</subfield><subfield code="w">(OCoLC)761392937</subfield></datafield><datafield tag="856" ind1="4" ind2="0"><subfield code="u">http://purl.fdlp.gov/GPO/gpo15403</subfield></datafield></record>