<record><leader>00974cam a22002654a 4500</leader><controlfield tag="001">99101851813408651</controlfield><controlfield tag="005">20250709232711.0</controlfield><controlfield tag="008">111219s2011    sa ac    b    000 0deng d</controlfield><datafield tag="020" ind1=" " ind2=" "><subfield code="a">9780620516723</subfield></datafield><datafield tag="020" ind1=" " ind2=" "><subfield code="a">0620516720</subfield></datafield><datafield tag="035" ind1=" " ind2=" "><subfield code="a">(OCoLC)768730052</subfield></datafield><datafield tag="035" ind1=" " ind2=" "><subfield code="a">10185181</subfield></datafield><datafield tag="035" ind1=" " ind2=" "><subfield code="a">(CtY)10185181-yaledb-Voyager</subfield></datafield><datafield tag="040" ind1=" " ind2=" "><subfield code="a">Z@L</subfield><subfield code="b">eng</subfield><subfield code="c">Z@L</subfield><subfield code="d">CtY</subfield></datafield><datafield tag="050" ind1=" " ind2="4"><subfield code="a">JV8882</subfield><subfield code="b">.T67 2011</subfield></datafield><datafield tag="079" ind1=" " ind2=" "><subfield code="a">ocn768730052</subfield></datafield><datafield tag="245" ind1="0" ind2="0"><subfield code="a">Torn apart :</subfield><subfield code="b">thirteen refugees retell their stories /</subfield><subfield code="c">edited by Shirley Gunn.</subfield></datafield><datafield tag="250" ind1=" " ind2=" "><subfield code="a">[2nd ed.]</subfield></datafield><datafield tag="260" ind1=" " ind2=" "><subfield code="a">Cape Town :</subfield><subfield code="b">Human Rights Media Centre,</subfield><subfield code="c">2011.</subfield></datafield><datafield tag="300" ind1=" " ind2=" "><subfield code="a">301 p. :</subfield><subfield code="b">ill., ports. ;</subfield><subfield code="c">21 cm.</subfield></datafield><datafield tag="500" ind1=" " ind2=" "><subfield code="a">Previously published 2003.</subfield></datafield><datafield tag="504" ind1=" " ind2=" "><subfield code="a">Includes bibliographical references.</subfield></datafield><datafield tag="650" ind1=" " ind2="0"><subfield code="a">Refugees</subfield><subfield code="z">South Africa</subfield><subfield code="v">Personal narratives.</subfield></datafield><datafield tag="650" ind1=" " ind2="0"><subfield code="a">Xenophobia</subfield><subfield code="z">South Africa.</subfield></datafield><datafield tag="700" ind1="1" ind2=" "><subfield code="a">Gunn, Shirley.</subfield><subfield code="9">no_linkage</subfield></datafield></record>