<record><leader>01333cam a2200385 a 4500</leader><controlfield tag="001">99106026053408651</controlfield><controlfield tag="005">20250710004143.0</controlfield><controlfield tag="008">111013s2012    hiua     b    001 0deng  </controlfield><datafield tag="010" ind1=" " ind2=" "><subfield code="a">  2011041287</subfield></datafield><datafield tag="020" ind1=" " ind2=" "><subfield code="a">9780976149316 (pbk. : alk. paper)</subfield></datafield><datafield tag="020" ind1=" " ind2=" "><subfield code="a">0976149311 (pbk. : alk. paper)</subfield></datafield><datafield tag="024" ind1="8" ind2=" "><subfield code="a">40021084347</subfield></datafield><datafield tag="035" ind1=" " ind2=" "><subfield code="a">(OCoLC)757177313</subfield></datafield><datafield tag="035" ind1=" " ind2=" "><subfield code="a">(DLC)  2011041287</subfield></datafield><datafield tag="035" ind1=" " ind2=" "><subfield code="a">10602605</subfield></datafield><datafield tag="035" ind1=" " ind2=" "><subfield code="a">(CtY)10602605-yaledb-Voyager</subfield></datafield><datafield tag="040" ind1=" " ind2=" "><subfield code="a">DLC</subfield><subfield code="b">eng</subfield><subfield code="c">DLC</subfield><subfield code="d">YDX</subfield><subfield code="d">YDXCP</subfield><subfield code="d">BTCTA</subfield></datafield><datafield tag="042" ind1=" " ind2=" "><subfield code="a">pcc</subfield></datafield><datafield tag="043" ind1=" " ind2=" "><subfield code="a">n-us---</subfield><subfield code="a">n-us-hi</subfield></datafield><datafield tag="050" ind1="0" ind2="0"><subfield code="a">D769.8.A6</subfield><subfield code="b">F36 2012</subfield></datafield><datafield tag="079" ind1=" " ind2=" "><subfield code="a">757177313</subfield></datafield><datafield tag="090" ind1=" " ind2=" "><subfield code="a">D769.8.A6</subfield><subfield code="b">F36X 2012 (LC)</subfield></datafield><datafield tag="245" ind1="0" ind2="0"><subfield code="a">Family torn apart :</subfield><subfield code="b">the internment story of the Otokichi Muin Ozaki family /</subfield><subfield code="c">edited by Gail Honda.</subfield></datafield><datafield tag="260" ind1=" " ind2=" "><subfield code="a">Honolulu :</subfield><subfield code="b">Japanese Cultural Center of Hawai'i,</subfield><subfield code="c">c2012.</subfield></datafield><datafield tag="300" ind1=" " ind2=" "><subfield code="a">xxi, 279 p. :</subfield><subfield code="b">ill. ;</subfield><subfield code="c">23 cm.</subfield></datafield><datafield tag="504" ind1=" " ind2=" "><subfield code="a">Includes bibliographical references and index.</subfield></datafield><datafield tag="600" ind1="1" ind2="0"><subfield code="a">Ozaki, Otokichi Muin,</subfield><subfield code="d">1904-1983.</subfield><subfield code="0">http://id.loc.gov/authorities/names/n2011071798</subfield><subfield code="1">http://viaf.org/viaf/187433913</subfield></datafield><datafield tag="600" ind1="3" ind2="0"><subfield code="a">Ozaki family.</subfield></datafield><datafield tag="650" ind1=" " ind2="0"><subfield code="a">Japanese Americans</subfield><subfield code="x">Forced removal and internment, 1942-1945.</subfield><subfield code="0">http://id.loc.gov/authorities/subjects/sh85069606</subfield></datafield><datafield tag="650" ind1=" " ind2="0"><subfield code="a">Japanese Americans</subfield><subfield code="z">Hawaii</subfield><subfield code="v">Biography.</subfield><subfield code="0">http://id.loc.gov/authorities/subjects/sh85069603</subfield></datafield><datafield tag="700" ind1="1" ind2=" "><subfield code="a">Honda, Gail.</subfield><subfield code="0">http://id.loc.gov/authorities/names/n2001111355</subfield><subfield code="1">http://viaf.org/viaf/277543741</subfield></datafield><datafield tag="710" ind1="2" ind2=" "><subfield code="a">Japanese Cultural Center of Hawaii.</subfield><subfield code="0">http://id.loc.gov/authorities/names/n99275847</subfield><subfield code="1">http://viaf.org/viaf/132713315</subfield></datafield><datafield tag="960" ind1=" " ind2=" "><subfield code="o">1</subfield><subfield code="s">20.93</subfield><subfield code="t">sml</subfield><subfield code="u">DPYBSG105</subfield></datafield><datafield tag="961" ind1=" " ind2=" "><subfield code="c">120727</subfield><subfield code="f">974269</subfield><subfield code="m">653111</subfield></datafield><datafield tag="987" ind1=" " ind2=" "><subfield code="c">ON ORDER</subfield></datafield></record>