<record><leader>02775cam a22004331a 4500</leader><controlfield tag="001">99114796703408651</controlfield><controlfield tag="005">20250710152152.0</controlfield><controlfield tag="006">m     o  d f      </controlfield><controlfield tag="007">cr bn mmmapmmp</controlfield><controlfield tag="008">110909s2008    dcu     o    f000 0 eng d</controlfield><datafield tag="035" ind1=" " ind2=" "><subfield code="a">chdc200900248</subfield></datafield><datafield tag="035" ind1=" " ind2=" "><subfield code="a">11479670</subfield></datafield><datafield tag="035" ind1=" " ind2=" "><subfield code="a">(CtY)11479670-yaledb-Voyager</subfield></datafield><datafield tag="040" ind1=" " ind2=" "><subfield code="a">ProQuest</subfield><subfield code="c">ProQuest</subfield></datafield><datafield tag="043" ind1=" " ind2=" "><subfield code="a">n-us---</subfield><subfield code="a">nwcu---</subfield></datafield><datafield tag="074" ind1=" " ind2=" "><subfield code="a">1017-A-07</subfield></datafield><datafield tag="088" ind1=" " ind2=" "><subfield code="a">Serial no. 110-220 (United States. Congress. House. Committee on Foreign Affairs)</subfield></datafield><datafield tag="099" ind1=" " ind2=" "><subfield code="a">HRG-2008-FOA-0069</subfield></datafield><datafield tag="110" ind1="1" ind2=" "><subfield code="a">United States.</subfield><subfield code="b">Congress.</subfield><subfield code="b">House.</subfield><subfield code="b">Committee on Foreign Affairs.</subfield><subfield code="b">Subcommittee on International Organizations, Human Rights, and Oversight.</subfield><subfield code="0">http://id.loc.gov/authorities/names/no2007048893</subfield><subfield code="1">http://viaf.org/viaf/151644504</subfield></datafield><datafield tag="245" ind1="1" ind2="0"><subfield code="a">Families torn apart</subfield><subfield code="h">[electronic resource] :</subfield><subfield code="b">human rights and U.S. restrictions on Cuban-American travel : hearing before the Subcommittee on International Organizations, Human Rights, and Oversight of the Committee on Foreign Affairs, House of Representatives, One Hundred Tenth Congress, second session, September 18, 2008.</subfield></datafield><datafield tag="246" ind1="3" ind2="0"><subfield code="a">Human rights and U.S. restrictions on Cuban-American travel</subfield></datafield><datafield tag="260" ind1=" " ind2=" "><subfield code="a">Washington :</subfield><subfield code="b">U.S. G.P.O. :</subfield><subfield code="b">For sale by the Supt. of Docs., U.S. G.P.O.,</subfield><subfield code="c">2008.</subfield></datafield><datafield tag="300" ind1=" " ind2=" "><subfield code="a">iii, 75 p. ;</subfield><subfield code="c">24 cm.</subfield></datafield><datafield tag="500" ind1=" " ind2=" "><subfield code="a">"Serial no. 110-220."</subfield></datafield><datafield tag="500" ind1=" " ind2=" "><subfield code="a">Reuse of record except for individual research requires license from ProQuest, LLC.</subfield></datafield><datafield tag="500" ind1=" " ind2=" "><subfield code="a">Shipping list no.: 2009-0106-P.</subfield></datafield><datafield tag="506" ind1=" " ind2=" "><subfield code="a">Access restricted by licensing agreement.</subfield></datafield><datafield tag="590" ind1=" " ind2=" "><subfield code="a">Access is available to the Yale community.</subfield></datafield><datafield tag="650" ind1=" " ind2="0"><subfield code="a">Cuban American families</subfield><subfield code="x">Travel</subfield><subfield code="z">Cuba.</subfield></datafield><datafield tag="650" ind1=" " ind2="0"><subfield code="a">Cuban Americans</subfield><subfield code="x">Travel</subfield><subfield code="z">Cuba.</subfield></datafield><datafield tag="650" ind1=" " ind2="0"><subfield code="a">Humanitarian assistance</subfield><subfield code="z">Cuba.</subfield></datafield><datafield tag="650" ind1=" " ind2="0"><subfield code="a">Travel restrictions</subfield><subfield code="z">United States.</subfield><subfield code="0">http://id.loc.gov/authorities/subjects/sh85003552</subfield></datafield><datafield tag="730" ind1="0" ind2=" "><subfield code="a">ProQuest U.S. Congressional Hearings Digital Collection.</subfield></datafield><datafield tag="776" ind1="0" ind2="8"><subfield code="i">Microfiche version: </subfield><subfield code="a">United States.Congress.House.Committee on Foreign Affairs.Subcommittee on International Organizations, Human Rights, and Oversight.</subfield><subfield code="t">Families torn apart</subfield><subfield code="d">[Bethesda, Md.] : ProQuest LLC, [2004]</subfield><subfield code="o">CIS 2009 H381-1</subfield><subfield code="w">(ProQuest)cis00900547</subfield></datafield><datafield tag="776" ind1="0" ind2="8"><subfield code="i">Print version: </subfield><subfield code="a">United States.Congress.House.Committee on Foreign Affairs.Subcommittee on International Organizations, Human Rights, and Oversight.</subfield><subfield code="t">Families torn apart</subfield><subfield code="w">(DLC)2008397844</subfield><subfield code="w">(OCoLC)276432119</subfield><subfield code="z">9780160820663</subfield><subfield code="z">0160820669</subfield></datafield><datafield tag="856" ind1="4" ind2="0"><subfield code="u">https://yale.idm.oclc.org/login?URL=http://congressional.proquest.com/congcomp/getdoc?HEARING-ID=HRG-2008-FOA-0069</subfield><subfield code="y">Online resource</subfield></datafield><datafield tag="946" ind1=" " ind2=" "><subfield code="a">DO NOT EDIT. DO NOT EXPORT.</subfield></datafield><datafield tag="953" ind1="4" ind2="0"><subfield code="a">http://congressional.proquest.com/congcomp/getdoc?HEARING-ID=HRG-2008-FOA-0069</subfield></datafield><datafield tag="998" ind1=" " ind2=" "><subfield code="a">cis00900547</subfield></datafield></record>