<record><leader>01538cam a2200385Ia 4500</leader><controlfield tag="001">99126812553408651</controlfield><controlfield tag="005">20170913101453.0</controlfield><controlfield tag="008">050504s2003    cm a          000 d eng d</controlfield><datafield tag="010" ind1=" " ind2=" "><subfield code="a">  2005326204</subfield></datafield><datafield tag="020" ind1=" " ind2=" "><subfield code="a">2723501779</subfield></datafield><datafield tag="020" ind1=" " ind2=" "><subfield code="a">9782723501774</subfield></datafield><datafield tag="035" ind1=" " ind2=" "><subfield code="a">(OCoLC)ocm60500758</subfield></datafield><datafield tag="035" ind1=" " ind2=" "><subfield code="a">(CtY)12681255-yaledb-Voyager</subfield></datafield><datafield tag="040" ind1=" " ind2=" "><subfield code="a">CLU</subfield><subfield code="b">eng</subfield><subfield code="c">DLC</subfield><subfield code="d">CLU</subfield><subfield code="d">OCLCQ</subfield><subfield code="d">OCLCO</subfield><subfield code="d">OCLCQ</subfield><subfield code="d">CtY</subfield></datafield><datafield tag="041" ind1="0" ind2=" "><subfield code="a">eng</subfield><subfield code="a">fre</subfield><subfield code="h">eng</subfield></datafield><datafield tag="050" ind1=" " ind2="4"><subfield code="a">PR9372.9.S23</subfield><subfield code="b">A6 2003</subfield></datafield><datafield tag="100" ind1="1" ind2=" "><subfield code="a">Sabano, Uwineza G.,</subfield><subfield code="d">1987-</subfield></datafield><datafield tag="245" ind1="1" ind2="0"><subfield code="a">Family conflict :</subfield><subfield code="b">followed by Torn apart and Ambiguous freedom = Conflit familial : suivi de Déchirement et Liberté ambiguë /</subfield><subfield code="c">Uwineza G. Sabano ; traduit de l'anglais par Joseph Sondzia.</subfield></datafield><datafield tag="246" ind1="1" ind2="1"><subfield code="a">Conflit familial :</subfield><subfield code="b">suivi de Déchirement et Liberté ambiguë</subfield></datafield><datafield tag="260" ind1=" " ind2=" "><subfield code="a">Yaoundé, Cameroun :</subfield><subfield code="b">Editions CLE,</subfield><subfield code="c">2003.</subfield></datafield><datafield tag="300" ind1=" " ind2=" "><subfield code="a">87 pages :</subfield><subfield code="b">color illustrations ;</subfield><subfield code="c">19 cm.</subfield></datafield><datafield tag="336" ind1=" " ind2=" "><subfield code="a">text</subfield><subfield code="b">txt</subfield><subfield code="2">rdacontent</subfield></datafield><datafield tag="337" ind1=" " ind2=" "><subfield code="a">unmediated</subfield><subfield code="b">n</subfield><subfield code="2">rdamedia</subfield></datafield><datafield tag="338" ind1=" " ind2=" "><subfield code="a">volume</subfield><subfield code="b">nc</subfield><subfield code="2">rdacarrier</subfield></datafield><datafield tag="490" ind1="1" ind2=" "><subfield code="a">Collection CLE de l'avenir</subfield></datafield><datafield tag="546" ind1=" " ind2=" "><subfield code="a">Text in English and French; French translated from the original English.</subfield></datafield><datafield tag="700" ind1="1" ind2=" "><subfield code="a">Sondzia, Joseph.</subfield><subfield code="9">no_linkage</subfield></datafield><datafield tag="700" ind1="1" ind2="2"><subfield code="a">Sabano, Uwineza G.,</subfield><subfield code="d">1987-</subfield><subfield code="t">Torn apart.</subfield></datafield><datafield tag="700" ind1="1" ind2="2"><subfield code="a">Sabano, Uwineza G.,</subfield><subfield code="d">1987-</subfield><subfield code="t">Ambiguous freedom.</subfield></datafield><datafield tag="700" ind1="1" ind2="2"><subfield code="a">Sabano, Uwineza G.,</subfield><subfield code="d">1987-</subfield><subfield code="t">Déchirement.</subfield></datafield><datafield tag="700" ind1="1" ind2="2"><subfield code="a">Sabano, Uwineza G.,</subfield><subfield code="d">1987-</subfield><subfield code="t">Liberté ambiguë.</subfield></datafield><datafield tag="740" ind1="0" ind2="2"><subfield code="a">Torn apart.</subfield></datafield><datafield tag="740" ind1="0" ind2="2"><subfield code="a">Ambiguous freedom.</subfield></datafield><datafield tag="740" ind1="0" ind2="2"><subfield code="a">Déchirement.</subfield></datafield><datafield tag="740" ind1="0" ind2="2"><subfield code="a">Liberté ambiguë.</subfield></datafield><datafield tag="830" ind1=" " ind2="0"><subfield code="a">Collection Les CLES de l'avenir.</subfield></datafield></record>