<record><leader>05092cam a2200589 i 4500</leader><controlfield tag="001">99139146653408651</controlfield><controlfield tag="005">20250710202551.0</controlfield><controlfield tag="008">180209s2018    nyua     b    001 0deng  </controlfield><datafield tag="010" ind1=" " ind2=" "><subfield code="a">  2018002138</subfield></datafield><datafield tag="020" ind1=" " ind2=" "><subfield code="a">9781524731861</subfield><subfield code="q">(hardback)</subfield></datafield><datafield tag="020" ind1=" " ind2=" "><subfield code="a">1524731862</subfield><subfield code="q">(hardback)</subfield></datafield><datafield tag="020" ind1=" " ind2=" "><subfield code="z">9781524731878 (ebook)</subfield></datafield><datafield tag="024" ind1="8" ind2=" "><subfield code="a">40028764212</subfield></datafield><datafield tag="035" ind1=" " ind2=" "><subfield code="a">(DLC)  2018002138</subfield></datafield><datafield tag="035" ind1=" " ind2=" "><subfield code="a">13914665</subfield></datafield><datafield tag="035" ind1=" " ind2=" "><subfield code="a">(CtY)13914665-yaledb-Voyager</subfield></datafield><datafield tag="037" ind1=" " ind2=" "><subfield code="b">Random House Inc, Attn Order Entry 400 Hahn rd, Westminster, MD, USA, 21157</subfield><subfield code="n">SAN 201-3975</subfield></datafield><datafield tag="040" ind1=" " ind2=" "><subfield code="a">DLC</subfield><subfield code="b">eng</subfield><subfield code="e">rda</subfield><subfield code="c">DLC</subfield><subfield code="d">GK8</subfield><subfield code="d">OCLCF</subfield><subfield code="d">SSH</subfield><subfield code="d">IEB</subfield><subfield code="d">QQ3</subfield><subfield code="d">DAY</subfield><subfield code="d">BUR</subfield><subfield code="d">KLP</subfield><subfield code="d">VP@</subfield><subfield code="d">TXJDC</subfield><subfield code="d">ILC</subfield></datafield><datafield tag="042" ind1=" " ind2=" "><subfield code="a">pcc</subfield></datafield><datafield tag="043" ind1=" " ind2=" "><subfield code="a">n-us-oh</subfield></datafield><datafield tag="050" ind1="0" ind2="0"><subfield code="a">GV885.73.C65</subfield><subfield code="b">H68 2018</subfield></datafield><datafield tag="079" ind1=" " ind2=" "><subfield code="a">(OCoLC)1020311049</subfield></datafield><datafield tag="084" ind1=" " ind2=" "><subfield code="a">SPO003000</subfield><subfield code="a">SPO004000</subfield><subfield code="2">bisacsh</subfield></datafield><datafield tag="090" ind1=" " ind2=" "><subfield code="a">GV885.73.C65</subfield><subfield code="b">H68 2018 (LC)</subfield></datafield><datafield tag="100" ind1="1" ind2=" "><subfield code="a">Haygood, Wil,</subfield><subfield code="e">author.</subfield><subfield code="0">http://id.loc.gov/authorities/names/n86001547</subfield><subfield code="1">http://viaf.org/viaf/275897604</subfield></datafield><datafield tag="245" ind1="1" ind2="0"><subfield code="a">Tigerland :</subfield><subfield code="b">1968-1969, a city divided, a nation torn apart, and a magical season of healing /</subfield><subfield code="c">Wil Haygood.</subfield></datafield><datafield tag="246" ind1="3" ind2="0"><subfield code="a">1968-1969 :</subfield><subfield code="b">a city divided, a nation torn apart, and a magical season of healing</subfield></datafield><datafield tag="246" ind1="3" ind2="0"><subfield code="a">City divided, a nation torn apart, and a magical season of healing</subfield></datafield><datafield tag="250" ind1=" " ind2=" "><subfield code="a">First edition.</subfield></datafield><datafield tag="264" ind1=" " ind2="1"><subfield code="a">New York :</subfield><subfield code="b">Alfred A. Knopf,</subfield><subfield code="c">2018.</subfield></datafield><datafield tag="300" ind1=" " ind2=" "><subfield code="a">viii, 420 pages :</subfield><subfield code="b">illustrations ;</subfield><subfield code="c">25 cm</subfield></datafield><datafield tag="336" ind1=" " ind2=" "><subfield code="a">text</subfield><subfield code="b">txt</subfield><subfield code="2">rdacontent</subfield></datafield><datafield tag="337" ind1=" " ind2=" "><subfield code="a">unmediated</subfield><subfield code="b">n</subfield><subfield code="2">rdamedia</subfield></datafield><datafield tag="338" ind1=" " ind2=" "><subfield code="a">volume</subfield><subfield code="b">nc</subfield><subfield code="2">rdacarrier</subfield></datafield><datafield tag="520" ind1=" " ind2=" "><subfield code="a">"From the author of the best-selling The Butler--an emotional, inspiring story of two teams from a poor, black, segregated high school in Ohio, who, in the midst of the racial turbulence of 1968/1969, win the Ohio state baseball and basketball championships in the same year. 1968 and 1969: Martin Luther King Jr. and Bobby Kennedy are assassinated. Race relations are frayed like never before. Cities are aflame as demonstrations and riots proliferate. But in Columbus, Ohio, the Tigers of segregated East High School win the baseball and basketball championships, defeating bigger, richer, whiter teams across the state. Now, Wil Haygood gives us a spirited and stirring account of this improbable triumph and takes us deep into the personal lives of these local heroes: Robert Wright, power forward, whose father was a murderer; Kenny Mizelle, the Tigers' second baseman, who grew up under the false impression that his father had died; Eddie 'Rat' Ratleff, the star of both teams, who would play for the 1972 U.S. Olympic basketball team. We meet Jack Gibbs, the first black principal at East High; Bob Hart, the white basketball coach, determined to fight against the injustices he saw inflicting his team; the hometown fans who followed the Tigers to stadiums across the state. And, just as important, Haygood puts the Tigers' story in the context of the racially charged late 1960s. The result is both an inspiring sports story and a singularly illuminating social history"--</subfield><subfield code="c">Provided by publisher.</subfield></datafield><datafield tag="505" ind1="0" ind2=" "><subfield code="a">Prologue: 1968, Reverend King passed this way -- Down to the river -- Eddie Rat meets the Afro-wearing Bo-Pete -- The house that Jack built -- Momentum -- Keeping food in the pantry -- So many dreams in the segregated city -- Panthers and Tigers, oh my -- The church where Martin Luther King Jr. preached -- St. John Arena -- The ballad of Jackie Robinson -- Twilight at Harley Field -- Robert Duncan and Richard Nixon's America -- The catcher in the storm -- Ghosts of the blue birds -- Off into the world -- Blood in Ohio -- Sins laid bare -- Epilogue: Still standing.</subfield></datafield><datafield tag="520" ind1=" " ind2=" "><subfield code="a">The inspiring story of baseball and basketball teams from a poor, black, segregated high school in Ohio, who win the Ohio state baseball and basketball championships in the same year. 1968-1969. Across the US, race relations are frayed; race riots proliferate. But in Columbus, Ohio, the Tigers of segregated East High School win the baseball and basketball championships, defeating bigger, richer, whiter teams across the state. Haygood takes us into the personal lives of the local heroes, and puts the Tigers' story in the context of the racially charged late 1960s. The result is both an inspiring sports story and a singularly illuminating social history. -- adapted from publisher info</subfield></datafield><datafield tag="504" ind1=" " ind2=" "><subfield code="a">Includes bibliographical references and index.</subfield></datafield><datafield tag="610" ind1="2" ind2="0"><subfield code="a">East High School (Columbus, Ohio)</subfield><subfield code="x">History.</subfield></datafield><datafield tag="650" ind1=" " ind2="0"><subfield code="a">Basketball</subfield><subfield code="z">Ohio</subfield><subfield code="z">Columbus</subfield><subfield code="x">History.</subfield><subfield code="0">http://id.loc.gov/authorities/subjects/sh85012111</subfield></datafield><datafield tag="650" ind1=" " ind2="0"><subfield code="a">Baseball</subfield><subfield code="z">Ohio</subfield><subfield code="z">Columbus</subfield><subfield code="x">History.</subfield><subfield code="0">http://id.loc.gov/authorities/subjects/sh85012026</subfield></datafield><datafield tag="651" ind1=" " ind2="0"><subfield code="a">Columbus (Ohio)</subfield><subfield code="x">Race relations</subfield><subfield code="x">History.</subfield></datafield><datafield tag="651" ind1=" " ind2="0"><subfield code="a">Columbus (Ohio)</subfield><subfield code="v">Biography.</subfield></datafield><datafield tag="650" ind1=" " ind2="7"><subfield code="a">SPORTS &amp; RECREATION / Baseball / General.</subfield><subfield code="2">bisacsh</subfield></datafield><datafield tag="650" ind1=" " ind2="7"><subfield code="a">SPORTS &amp; RECREATION / Basketball.</subfield><subfield code="2">bisacsh</subfield></datafield><datafield tag="650" ind1=" " ind2="7"><subfield code="a">Baseball.</subfield><subfield code="2">fast</subfield><subfield code="0">(OCoLC)fst00827904</subfield></datafield><datafield tag="650" ind1=" " ind2="7"><subfield code="a">Basketball.</subfield><subfield code="2">fast</subfield><subfield code="0">(OCoLC)fst00828203</subfield></datafield><datafield tag="650" ind1=" " ind2="7"><subfield code="a">Race relations.</subfield><subfield code="2">fast</subfield><subfield code="0">(OCoLC)fst01086509</subfield></datafield><datafield tag="651" ind1=" " ind2="7"><subfield code="a">Ohio</subfield><subfield code="z">Columbus.</subfield><subfield code="2">fast</subfield><subfield code="0">(OCoLC)fst01205076</subfield></datafield><datafield tag="960" ind1=" " ind2=" "><subfield code="a">39002134977678</subfield><subfield code="o">1</subfield><subfield code="s">29.52</subfield><subfield code="t">sml</subfield><subfield code="u">YBSMLIT151</subfield></datafield><datafield tag="961" ind1=" " ind2=" "><subfield code="c">190119</subfield><subfield code="f">871298</subfield><subfield code="m">653111</subfield></datafield><datafield tag="987" ind1=" " ind2=" "><subfield code="c">ON ORDER</subfield></datafield></record>