<record><leader>01214cam a2200325zi 4500</leader><controlfield tag="001">99140637953408651</controlfield><controlfield tag="005">20250710201439.0</controlfield><controlfield tag="008">180924t20192019enka     b    001 0 eng d</controlfield><datafield tag="020" ind1=" " ind2=" "><subfield code="a">0750988150</subfield></datafield><datafield tag="020" ind1=" " ind2=" "><subfield code="a">9780750988155</subfield></datafield><datafield tag="024" ind1="8" ind2=" "><subfield code="a">60002318654</subfield></datafield><datafield tag="035" ind1=" " ind2=" "><subfield code="a">(NhCcYBP)om63906349</subfield></datafield><datafield tag="035" ind1=" " ind2=" "><subfield code="a">14063795</subfield></datafield><datafield tag="035" ind1=" " ind2=" "><subfield code="a">(CtY)14063795-yaledb-Voyager</subfield></datafield><datafield tag="040" ind1=" " ind2=" "><subfield code="a">NhCcYBP</subfield><subfield code="b">eng</subfield><subfield code="e">rda</subfield><subfield code="c">NhCcYBP</subfield></datafield><datafield tag="050" ind1=" " ind2="4"><subfield code="a">DA990.U46</subfield><subfield code="b">W43 2019</subfield></datafield><datafield tag="090" ind1=" " ind2=" "><subfield code="a">DA990.U46</subfield><subfield code="b">W43 2019 (LC)</subfield></datafield><datafield tag="100" ind1="1" ind2=" "><subfield code="a">Wharton, Ken M.,</subfield><subfield code="e">author.</subfield><subfield code="0">http://id.loc.gov/authorities/names/n2008051328</subfield><subfield code="9">no_linkage</subfield></datafield><datafield tag="245" ind1="1" ind2="0"><subfield code="a">Torn apart :</subfield><subfield code="b">fifty years of the Troubles, 1969-2019 /</subfield><subfield code="c">Ken Wharton.</subfield></datafield><datafield tag="264" ind1=" " ind2="1"><subfield code="a">Stroud, Gloucestershire :</subfield><subfield code="b">The History Press,</subfield><subfield code="c">2019.</subfield></datafield><datafield tag="264" ind1=" " ind2="4"><subfield code="c">©2019</subfield></datafield><datafield tag="300" ind1=" " ind2=" "><subfield code="a">382 pages :</subfield><subfield code="b">illustrations (black and white) ;</subfield><subfield code="c">24 cm</subfield></datafield><datafield tag="336" ind1=" " ind2=" "><subfield code="a">text</subfield><subfield code="b">txt</subfield><subfield code="2">rdacontent</subfield></datafield><datafield tag="336" ind1=" " ind2=" "><subfield code="a">still image</subfield><subfield code="b">sti</subfield><subfield code="2">rdacontent</subfield></datafield><datafield tag="337" ind1=" " ind2=" "><subfield code="a">unmediated</subfield><subfield code="b">n</subfield><subfield code="2">rdamedia</subfield></datafield><datafield tag="338" ind1=" " ind2=" "><subfield code="a">volume</subfield><subfield code="b">nc</subfield><subfield code="2">rdacarrier</subfield></datafield><datafield tag="650" ind1=" " ind2="0"><subfield code="a">Political violence</subfield><subfield code="z">Northern Ireland</subfield><subfield code="x">History</subfield><subfield code="y">20th century.</subfield><subfield code="0">http://id.loc.gov/authorities/subjects/sh2010105318</subfield></datafield><datafield tag="960" ind1=" " ind2=" "><subfield code="a">39002134094680</subfield><subfield code="o">1</subfield><subfield code="s">34.51</subfield><subfield code="t">sml</subfield><subfield code="u">YBSMHIS151</subfield></datafield><datafield tag="961" ind1=" " ind2=" "><subfield code="c">190415</subfield><subfield code="f">835513</subfield><subfield code="m">653161</subfield></datafield><datafield tag="987" ind1=" " ind2=" "><subfield code="c">ON ORDER</subfield></datafield></record>