<record><leader>01860cam a2200421 i 4500</leader><controlfield tag="001">99146175833408651</controlfield><controlfield tag="005">20250710023120.0</controlfield><controlfield tag="008">190520t20192019sa a          000 0ceng d</controlfield><datafield tag="020" ind1=" " ind2=" "><subfield code="a">9780795709128</subfield><subfield code="q">(paperback)</subfield></datafield><datafield tag="020" ind1=" " ind2=" "><subfield code="a">0795709129</subfield><subfield code="q">(paperback)</subfield></datafield><datafield tag="035" ind1=" " ind2=" "><subfield code="a">(OCoLC)on1101876822</subfield></datafield><datafield tag="035" ind1=" " ind2=" "><subfield code="a">14617583</subfield></datafield><datafield tag="035" ind1=" " ind2=" "><subfield code="a">(CtY)14617583-yaledb-Voyager</subfield></datafield><datafield tag="040" ind1=" " ind2=" "><subfield code="a">NX@</subfield><subfield code="b">eng</subfield><subfield code="e">rda</subfield><subfield code="c">NX@</subfield><subfield code="d">YDX</subfield><subfield code="d">NX@</subfield><subfield code="d">OCLCF</subfield><subfield code="d">EEM</subfield><subfield code="d">NDD</subfield><subfield code="d">ZCU</subfield></datafield><datafield tag="043" ind1=" " ind2=" "><subfield code="a">f-sa---</subfield></datafield><datafield tag="050" ind1=" " ind2="4"><subfield code="a">DT1926</subfield><subfield code="b">.S773 2019</subfield></datafield><datafield tag="050" ind1=" " ind2="4"><subfield code="a">JA84.S63</subfield><subfield code="b">H65 2019</subfield></datafield><datafield tag="079" ind1=" " ind2=" "><subfield code="a">(OCoLC)1101876822</subfield></datafield><datafield tag="100" ind1="1" ind2=" "><subfield code="a">Strasburg, Toni,</subfield><subfield code="e">author.</subfield><subfield code="0">http://id.loc.gov/authorities/names/nr88011963</subfield><subfield code="9">no_linkage</subfield></datafield><datafield tag="245" ind1="1" ind2="0"><subfield code="a">Holding the fort :</subfield><subfield code="b">a family torn apart /</subfield><subfield code="c">Toni Strasburg.</subfield></datafield><datafield tag="264" ind1=" " ind2="1"><subfield code="a">Cape Town, South Africa :</subfield><subfield code="b">Kwela Books,</subfield><subfield code="c">2019.</subfield></datafield><datafield tag="264" ind1=" " ind2="4"><subfield code="c">©2019</subfield></datafield><datafield tag="300" ind1=" " ind2=" "><subfield code="a">240 pages :</subfield><subfield code="b">illustrations ;</subfield><subfield code="c">24 cm</subfield></datafield><datafield tag="336" ind1=" " ind2=" "><subfield code="a">text</subfield><subfield code="b">txt</subfield><subfield code="2">rdacontent</subfield></datafield><datafield tag="337" ind1=" " ind2=" "><subfield code="a">unmediated</subfield><subfield code="b">n</subfield><subfield code="2">rdamedia</subfield></datafield><datafield tag="338" ind1=" " ind2=" "><subfield code="a">volume</subfield><subfield code="b">nc</subfield><subfield code="2">rdacarrier</subfield></datafield><datafield tag="600" ind1="1" ind2="0"><subfield code="a">Bernstein, Hilda</subfield><subfield code="v">Diaries.</subfield><subfield code="9">no_linkage</subfield></datafield><datafield tag="600" ind1="1" ind2="0"><subfield code="a">Bernstein, Rusty.</subfield><subfield code="0">http://id.loc.gov/authorities/names/n99261701</subfield><subfield code="9">no_linkage</subfield></datafield><datafield tag="600" ind1="1" ind2="0"><subfield code="a">Strasburg, Toni.</subfield><subfield code="0">http://id.loc.gov/authorities/names/nr88011963</subfield><subfield code="9">no_linkage</subfield></datafield><datafield tag="650" ind1=" " ind2="0"><subfield code="a">Women political prisoners</subfield><subfield code="z">South Africa</subfield><subfield code="v">Diaries.</subfield><subfield code="0">http://id.loc.gov/authorities/subjects/sh85147685</subfield></datafield><datafield tag="610" ind1="2" ind2="0"><subfield code="a">African National Congress</subfield><subfield code="v">Biography.</subfield></datafield><datafield tag="650" ind1=" " ind2="0"><subfield code="a">Political activists</subfield><subfield code="z">South Africa</subfield><subfield code="v">Biography.</subfield><subfield code="0">http://id.loc.gov/authorities/subjects/sh2010106932</subfield></datafield><datafield tag="651" ind1=" " ind2="0"><subfield code="a">South Africa</subfield><subfield code="x">Politics and government</subfield><subfield code="y">1948-1961.</subfield><subfield code="0">http://id.loc.gov/authorities/subjects/sh85125491</subfield></datafield><datafield tag="600" ind1="1" ind2="7"><subfield code="a">Bernstein, Hilda.</subfield><subfield code="2">fast</subfield><subfield code="0">(OCoLC)fst00122329</subfield><subfield code="9">no_linkage</subfield></datafield><datafield tag="600" ind1="1" ind2="7"><subfield code="a">Bernstein, Rusty.</subfield><subfield code="2">fast</subfield><subfield code="0">(OCoLC)fst00440543</subfield><subfield code="9">no_linkage</subfield></datafield><datafield tag="650" ind1=" " ind2="7"><subfield code="a">Political science.</subfield><subfield code="2">fast</subfield><subfield code="0">(OCoLC)fst01069781</subfield></datafield><datafield tag="651" ind1=" " ind2="7"><subfield code="a">South Africa.</subfield><subfield code="2">fast</subfield><subfield code="0">(OCoLC)fst01204616</subfield></datafield><datafield tag="655" ind1=" " ind2="7"><subfield code="a">History.</subfield><subfield code="2">fast</subfield><subfield code="0">(OCoLC)fst01411628</subfield></datafield></record>