<record><leader>03843cam a2200553 i 4500</leader><controlfield tag="001">99149365063408651</controlfield><controlfield tag="005">20250710034323.0</controlfield><controlfield tag="008">190423s2020    nyuaf    b    000 0beng  </controlfield><datafield tag="010" ind1=" " ind2=" "><subfield code="a">  2019019275</subfield></datafield><datafield tag="020" ind1=" " ind2=" "><subfield code="a">9781590519172</subfield><subfield code="q">(hardcover)</subfield></datafield><datafield tag="020" ind1=" " ind2=" "><subfield code="a">1590519175</subfield><subfield code="q">(hardcover)</subfield></datafield><datafield tag="020" ind1=" " ind2=" "><subfield code="z">9781590519189</subfield><subfield code="q">(ebook)</subfield></datafield><datafield tag="020" ind1=" " ind2=" "><subfield code="a">1590519183</subfield></datafield><datafield tag="020" ind1=" " ind2=" "><subfield code="a">9781590519189</subfield></datafield><datafield tag="024" ind1="8" ind2=" "><subfield code="a">40029779625</subfield></datafield><datafield tag="035" ind1=" " ind2=" "><subfield code="a">(DLC)  2019019275</subfield></datafield><datafield tag="035" ind1=" " ind2=" "><subfield code="a">14936506</subfield></datafield><datafield tag="035" ind1=" " ind2=" "><subfield code="a">(CtY)14936506-yaledb-Voyager</subfield></datafield><datafield tag="040" ind1=" " ind2=" "><subfield code="a">DLC</subfield><subfield code="b">eng</subfield><subfield code="e">rda</subfield><subfield code="c">DLC</subfield><subfield code="d">OCLCO</subfield><subfield code="d">OCLCF</subfield><subfield code="d">OCL</subfield><subfield code="d">UKMGB</subfield><subfield code="d">GK8</subfield><subfield code="d">OCO</subfield><subfield code="d">FWA</subfield><subfield code="d">MIBLS</subfield><subfield code="d">JNE</subfield><subfield code="d">VP@</subfield><subfield code="d">DGU</subfield></datafield><datafield tag="041" ind1="1" ind2=" "><subfield code="a">eng</subfield><subfield code="h">swe</subfield></datafield><datafield tag="042" ind1=" " ind2=" "><subfield code="a">pcc</subfield></datafield><datafield tag="043" ind1=" " ind2=" "><subfield code="a">e-sw---</subfield><subfield code="a">e-au---</subfield></datafield><datafield tag="050" ind1="0" ind2="0"><subfield code="a">DS135.S89</subfield><subfield code="b">U45313 2020</subfield></datafield><datafield tag="079" ind1=" " ind2=" "><subfield code="a">(OCoLC)1099544304</subfield></datafield><datafield tag="084" ind1=" " ind2=" "><subfield code="a">HIS037070</subfield><subfield code="a">HIS043000</subfield><subfield code="a">HIS044000</subfield><subfield code="2">bisacsh</subfield></datafield><datafield tag="090" ind1=" " ind2=" "><subfield code="a">DS135.S89</subfield><subfield code="b">U45313 2020 (LC)</subfield></datafield><datafield tag="100" ind1="1" ind2=" "><subfield code="a">Åsbrink, Elisabeth,</subfield><subfield code="e">author.</subfield><subfield code="0">http://id.loc.gov/authorities/names/n2010027431</subfield><subfield code="1">http://viaf.org/viaf/63151776732618010409</subfield></datafield><datafield tag="240" ind1="1" ind2="0"><subfield code="a">Och i Wienerwald står träden kvar.</subfield><subfield code="l">English</subfield><subfield code="0">http://id.loc.gov/authorities/names/n2019022132</subfield></datafield><datafield tag="245" ind1="1" ind2="0"><subfield code="a">And in the Vienna woods the trees remain :</subfield><subfield code="b">the heartbreaking true story of a family torn apart by war /</subfield><subfield code="c">Elisabeth Åsbrink ; translated from the Swedish by Saskia Vogel.</subfield></datafield><datafield tag="264" ind1=" " ind2="1"><subfield code="a">New York :</subfield><subfield code="b">Other Press,</subfield><subfield code="c">[2020]</subfield></datafield><datafield tag="300" ind1=" " ind2=" "><subfield code="a">ix, 421 pages, 8 unnumbered pages of plates :</subfield><subfield code="b">illustrations ;</subfield><subfield code="c">21 cm</subfield></datafield><datafield tag="336" ind1=" " ind2=" "><subfield code="a">text</subfield><subfield code="b">txt</subfield><subfield code="2">rdacontent</subfield></datafield><datafield tag="337" ind1=" " ind2=" "><subfield code="a">unmediated</subfield><subfield code="b">n</subfield><subfield code="2">rdamedia</subfield></datafield><datafield tag="338" ind1=" " ind2=" "><subfield code="a">volume</subfield><subfield code="b">nc</subfield><subfield code="2">rdacarrier</subfield></datafield><datafield tag="500" ind1=" " ind2=" "><subfield code="a">"Originally published in Swedish as Och i Wienerwald står träden kvar in 2011 by Natur &amp; Kultur, Stockholm.' --title page verso.</subfield></datafield><datafield tag="520" ind1=" " ind2=" "><subfield code="a">"Winner of the August Prize, an intricate weave of documents, substantive narrative, and emotional commentary that centers on a young Jewish refugee's friendship with the future founder of IKEA. Otto Ullman, a Jewish boy, was sent from Austria to Sweden right before the outbreak of World War II. There he became best friends with Ingvar Kamprad, who would grow up to become the founder of IKEA. Despite the huge Swedish resistance to Jews, the thirteen-year-old Otto was granted permission to enter Sweden--all in accordance with the Swedish archbishop's secret plan to save Jews on condition that they converted to Christianity. Otto found work as a farmhand at the Kamprad family's farm Elmtaryd in Agunnaryd in the province of Småland. Ingvar and Otto became very close friends. But at the same time, Ingvar Kamprad was actively engaged in Nazi organizations and a great supporter of the fascist Per Engdahl. Otto's parents were trapped in Vienna, and the last letters he received were sent from Theresienstadt. With thorough research, including personal files initiated by the predecessor to today's Swedish Security Service (SaPO) and more than 500 letters, Elisabeth Åsbrink illustrates how Swedish society was infused with anti-Semitism and how families are shattered by war and asylum politics"--</subfield><subfield code="c">Provided by publisher.</subfield></datafield><datafield tag="504" ind1=" " ind2=" "><subfield code="a">Includes bibliographical references (pages 415-419).</subfield></datafield><datafield tag="600" ind1="1" ind2="0"><subfield code="a">Ullmann, Otto,</subfield><subfield code="d">1925-2005.</subfield><subfield code="0">http://id.loc.gov/authorities/names/n2012000999</subfield><subfield code="1">http://viaf.org/viaf/224131786</subfield></datafield><datafield tag="650" ind1=" " ind2="0"><subfield code="a">Jewish refugees</subfield><subfield code="z">Sweden</subfield><subfield code="v">Biography.</subfield></datafield><datafield tag="650" ind1=" " ind2="7"><subfield code="a">HISTORY / Modern / 20th Century.</subfield><subfield code="2">bisacsh</subfield></datafield><datafield tag="650" ind1=" " ind2="7"><subfield code="a">HISTORY / Holocaust.</subfield><subfield code="2">bisacsh</subfield></datafield><datafield tag="650" ind1=" " ind2="7"><subfield code="a">HISTORY / Europe / Scandinavia.</subfield><subfield code="2">bisacsh</subfield></datafield><datafield tag="600" ind1="1" ind2="7"><subfield code="a">Ullmann, Otto,</subfield><subfield code="d">1925-2005.</subfield><subfield code="2">fast</subfield><subfield code="0">(OCoLC)fst01946831</subfield></datafield><datafield tag="650" ind1=" " ind2="7"><subfield code="a">Jewish refugees.</subfield><subfield code="2">fast</subfield><subfield code="0">(OCoLC)fst01730523</subfield></datafield><datafield tag="651" ind1=" " ind2="7"><subfield code="a">Sweden.</subfield><subfield code="2">fast</subfield><subfield code="0">(OCoLC)fst01204537</subfield></datafield><datafield tag="700" ind1="1" ind2=" "><subfield code="a">Vogel, Saskia,</subfield><subfield code="e">translator.</subfield><subfield code="0">http://id.loc.gov/authorities/names/nb2015013119</subfield><subfield code="1">http://viaf.org/viaf/316678625</subfield></datafield><datafield tag="960" ind1=" " ind2=" "><subfield code="a">39002138166104</subfield><subfield code="o">1</subfield><subfield code="s">30.55</subfield><subfield code="t">ccl</subfield><subfield code="u">YBBASS151</subfield></datafield><datafield tag="961" ind1=" " ind2=" "><subfield code="c">200227</subfield><subfield code="f">383476</subfield><subfield code="m">653130</subfield></datafield><datafield tag="987" ind1=" " ind2=" "><subfield code="c">ON ORDER</subfield></datafield></record>