<record><leader>00315nam a22000855i 4500</leader><controlfield tag="001">99162142803408651</controlfield><controlfield tag="005">20250710232330.0</controlfield><controlfield tag="008">691231         xx                     </controlfield><datafield tag="035" ind1=" " ind2=" "><subfield code="a">(CtY)16214280-yaledb-Voyager</subfield></datafield><datafield tag="245" ind1="0" ind2="0"><subfield code="a"> [ILL] Torn apart : how the child welfare system destroys Black families--and how abolition can build a safer world /</subfield></datafield></record>