<record><leader>02661cam a22005651i 4500</leader><controlfield tag="001">99163618893408651</controlfield><controlfield tag="005">20250710232131.0</controlfield><controlfield tag="006">m    |o  d |      </controlfield><controlfield tag="007">cr |n|||||||||</controlfield><controlfield tag="008">220922t20222022nyua   eob    001 0 eng d</controlfield><datafield tag="020" ind1=" " ind2=" "><subfield code="a">9781541675452 (electronic bk.)</subfield></datafield><datafield tag="020" ind1=" " ind2=" "><subfield code="a">1541675452 (electronic bk.)</subfield></datafield><datafield tag="020" ind1=" " ind2=" "><subfield code="z">9781541675445</subfield></datafield><datafield tag="020" ind1=" " ind2=" "><subfield code="z">1541675444</subfield></datafield><datafield tag="024" ind1=" " ind2=" "><subfield code="a">17918167</subfield></datafield><datafield tag="035" ind1=" " ind2=" "><subfield code="a">(NhCcYBP)ybp17918167</subfield></datafield><datafield tag="035" ind1=" " ind2=" "><subfield code="a">(CtY)16361889-yaledb-Voyager</subfield></datafield><datafield tag="040" ind1=" " ind2=" "><subfield code="a">NhCcYBP</subfield><subfield code="c">NhCcYBP</subfield></datafield><datafield tag="043" ind1=" " ind2=" "><subfield code="a">n-us---</subfield></datafield><datafield tag="050" ind1=" " ind2="4"><subfield code="a">HV741</subfield><subfield code="b">.R6225 2022</subfield></datafield><datafield tag="082" ind1="0" ind2="4"><subfield code="a">362.70973</subfield><subfield code="2">23/eng/20211202</subfield></datafield><datafield tag="090" ind1=" " ind2=" "><subfield code="a">HV741</subfield><subfield code="b">.R6225 2022 (LC)</subfield></datafield><datafield tag="100" ind1="1" ind2=" "><subfield code="a">Roberts, Dorothy E.,</subfield><subfield code="d">1956-</subfield><subfield code="e">author.</subfield><subfield code="0">http://id.loc.gov/authorities/names/n94022457</subfield><subfield code="1">http://viaf.org/viaf/70617312</subfield></datafield><datafield tag="245" ind1="1" ind2="0"><subfield code="a">Torn apart :</subfield><subfield code="b">how the child welfare system destroys Black families--and how abolition can build a safer world /</subfield><subfield code="c">Dorothy Roberts.</subfield></datafield><datafield tag="250" ind1=" " ind2=" "><subfield code="a">First edition.</subfield></datafield><datafield tag="264" ind1=" " ind2="1"><subfield code="a">New York :</subfield><subfield code="b">Basic Books,</subfield><subfield code="c">2022.</subfield></datafield><datafield tag="264" ind1=" " ind2="4"><subfield code="c">©2022</subfield></datafield><datafield tag="300" ind1=" " ind2=" "><subfield code="a">1 online resource (vii, 375 pages) :</subfield><subfield code="b">illustration.</subfield></datafield><datafield tag="336" ind1=" " ind2=" "><subfield code="a">text</subfield><subfield code="b">txt</subfield><subfield code="2">rdacontent</subfield></datafield><datafield tag="337" ind1=" " ind2=" "><subfield code="a">computer</subfield><subfield code="b">c</subfield><subfield code="2">rdamedia</subfield></datafield><datafield tag="338" ind1=" " ind2=" "><subfield code="a">online resource</subfield><subfield code="b">cr</subfield><subfield code="2">rdacarrier</subfield></datafield><datafield tag="504" ind1=" " ind2=" "><subfield code="a">Includes bibliographical references (pages 309-360) and index.</subfield></datafield><datafield tag="505" ind1="0" ind2="0"><subfield code="t">Introduction : A benevolent terror --</subfield><subfield code="t">Destroying Black families --</subfield><subfield code="t">"They separate children at the Harlem border, too" --</subfield><subfield code="t">Professional kidnappers --</subfield><subfield code="t">Rotten at the root --</subfield><subfield code="t">Strong-armed --</subfield><subfield code="t">The foster-industrial complex --</subfield><subfield code="t">Family surveillance --</subfield><subfield code="t">Carceral entanglements --</subfield><subfield code="t">Structured to harm --</subfield><subfield code="t">Criminalizing Black children --</subfield><subfield code="t">Care in place of terror.</subfield></datafield><datafield tag="506" ind1=" " ind2=" "><subfield code="a">Access restricted by licensing agreement.</subfield></datafield><datafield tag="533" ind1=" " ind2=" "><subfield code="a">Electronic reproduction.</subfield><subfield code="b">Ann Arbor, MI</subfield><subfield code="n">Available via World Wide Web.</subfield></datafield><datafield tag="588" ind1=" " ind2=" "><subfield code="a">Description based on print version record.</subfield></datafield><datafield tag="590" ind1=" " ind2=" "><subfield code="a">Access is available to the Yale community.</subfield></datafield><datafield tag="650" ind1=" " ind2="0"><subfield code="a">Child welfare</subfield><subfield code="x">Government policy</subfield><subfield code="z">United States.</subfield><subfield code="0">http://id.loc.gov/authorities/subjects/sh2009118930</subfield></datafield><datafield tag="650" ind1=" " ind2="0"><subfield code="a">African American families</subfield><subfield code="x">Government policy.</subfield><subfield code="0">http://id.loc.gov/authorities/subjects/sh85001843</subfield></datafield><datafield tag="650" ind1=" " ind2="0"><subfield code="a">African American families</subfield><subfield code="x">Social conditions.</subfield><subfield code="0">http://id.loc.gov/authorities/subjects/sh85001843</subfield></datafield><datafield tag="650" ind1=" " ind2="0"><subfield code="a">Racism in social services</subfield><subfield code="z">United States.</subfield><subfield code="0">http://id.loc.gov/authorities/subjects/sh99000583</subfield></datafield><datafield tag="650" ind1=" " ind2="0"><subfield code="a">Social work with African American children.</subfield><subfield code="0">http://id.loc.gov/authorities/subjects/sh91000188</subfield></datafield><datafield tag="710" ind1="2" ind2=" "><subfield code="a">ProQuest (Firm)</subfield><subfield code="0">http://id.loc.gov/authorities/names/n2007068018</subfield><subfield code="1">http://viaf.org/viaf/178550860</subfield></datafield><datafield tag="776" ind1="0" ind2="8"><subfield code="c">Original</subfield><subfield code="z">9781541675445</subfield><subfield code="z">1541675444</subfield><subfield code="w">(DLC)  2021036512</subfield></datafield><datafield tag="856" ind1="4" ind2="0"><subfield code="y">Online book</subfield><subfield code="u">https://yale.idm.oclc.org/login?URL=https://ebookcentral.proquest.com/lib/yale-ebooks/detail.action?docID=6947158</subfield></datafield><datafield tag="946" ind1=" " ind2=" "><subfield code="a">DO NOT EDIT. DO NOT EXPORT.</subfield></datafield><datafield tag="953" ind1=" " ind2=" "><subfield code="a">https://ebookcentral.proquest.com/lib/yale-ebooks/detail.action?docID=6947158</subfield></datafield><datafield tag="960" ind1=" " ind2=" "><subfield code="o">1</subfield><subfield code="s">130.00</subfield><subfield code="t">yulintx</subfield><subfield code="u">MEDBKPL251</subfield></datafield><datafield tag="961" ind1=" " ind2=" "><subfield code="c">220923</subfield><subfield code="f">438074</subfield><subfield code="m">841250</subfield></datafield><datafield tag="987" ind1=" " ind2=" "><subfield code="a">17918167</subfield><subfield code="c">None</subfield><subfield code="d">Online resource</subfield></datafield></record>