<record><leader>05461cam a2200445 i 4500</leader><controlfield tag="001">99164660773408651</controlfield><controlfield tag="005">20250710043650.0</controlfield><controlfield tag="008">220121t20222022nyu           000 p eng  </controlfield><datafield tag="010" ind1=" " ind2=" "><subfield code="a">  2022001788</subfield></datafield><datafield tag="020" ind1=" " ind2=" "><subfield code="a">9780525656951</subfield><subfield code="q">hardcover</subfield></datafield><datafield tag="020" ind1=" " ind2=" "><subfield code="a">0525656952</subfield><subfield code="q">hardcover</subfield></datafield><datafield tag="020" ind1=" " ind2=" "><subfield code="a">9781524711610</subfield><subfield code="q">paperback</subfield></datafield><datafield tag="020" ind1=" " ind2=" "><subfield code="a">1524711616</subfield><subfield code="q">paperback</subfield></datafield><datafield tag="020" ind1=" " ind2=" "><subfield code="z">9780525656968</subfield><subfield code="q">electronic book</subfield></datafield><datafield tag="024" ind1="8" ind2=" "><subfield code="a">40031415397</subfield></datafield><datafield tag="035" ind1=" " ind2=" "><subfield code="a">(DLC)  2022001788</subfield></datafield><datafield tag="035" ind1=" " ind2=" "><subfield code="a">16466077</subfield></datafield><datafield tag="035" ind1=" " ind2=" "><subfield code="a">(CtY)16466077-yaledb-Voyager</subfield></datafield><datafield tag="040" ind1=" " ind2=" "><subfield code="a">DLC</subfield><subfield code="b">eng</subfield><subfield code="e">rda</subfield><subfield code="c">DLC</subfield><subfield code="d">OCLCO</subfield><subfield code="d">OCLCF</subfield><subfield code="d">OCLCO</subfield><subfield code="d">WIM</subfield><subfield code="d">NYP</subfield><subfield code="d">CDX</subfield><subfield code="d">YDX</subfield><subfield code="d">LEB</subfield><subfield code="d">QS3</subfield><subfield code="d">GK8</subfield></datafield><datafield tag="042" ind1=" " ind2=" "><subfield code="a">pcc</subfield></datafield><datafield tag="050" ind1="0" ind2="0"><subfield code="a">PS3565.L34</subfield><subfield code="b">B35 2022</subfield></datafield><datafield tag="079" ind1=" " ind2=" "><subfield code="a">1291873680</subfield></datafield><datafield tag="090" ind1=" " ind2=" "><subfield code="a">PS3565.L34</subfield><subfield code="b">B35 2022 (LC)</subfield></datafield><datafield tag="100" ind1="1" ind2=" "><subfield code="a">Olds, Sharon,</subfield><subfield code="e">author.</subfield><subfield code="0">http://id.loc.gov/authorities/names/n79125390</subfield><subfield code="1">http://viaf.org/viaf/13382047</subfield></datafield><datafield tag="245" ind1="1" ind2="0"><subfield code="a">Balladz /</subfield><subfield code="c">Sharon Olds.</subfield></datafield><datafield tag="250" ind1=" " ind2=" "><subfield code="a">First edition.</subfield></datafield><datafield tag="264" ind1=" " ind2="1"><subfield code="a">New York :</subfield><subfield code="b">Alfred A. Knopf,</subfield><subfield code="c">2022.</subfield></datafield><datafield tag="264" ind1=" " ind2="4"><subfield code="c">©2022</subfield></datafield><datafield tag="300" ind1=" " ind2=" "><subfield code="a">xiv, 171 pages ;</subfield><subfield code="c">25 cm</subfield></datafield><datafield tag="336" ind1=" " ind2=" "><subfield code="a">text</subfield><subfield code="b">txt</subfield><subfield code="2">rdacontent</subfield></datafield><datafield tag="337" ind1=" " ind2=" "><subfield code="a">unmediated</subfield><subfield code="b">n</subfield><subfield code="2">rdamedia</subfield></datafield><datafield tag="338" ind1=" " ind2=" "><subfield code="a">volume</subfield><subfield code="b">nc</subfield><subfield code="2">rdacarrier</subfield></datafield><datafield tag="500" ind1=" " ind2=" "><subfield code="a">"Winner of the Pulitzer Prize"-- cover.</subfield></datafield><datafield tag="500" ind1=" " ind2=" "><subfield code="a">"This is a Borzoi Book" -- title page verso.</subfield></datafield><datafield tag="520" ind1=" " ind2=" "><subfield code="a">"A new poetry collection from Pulitzer and T. S. Eliot Prize winner Sharon Olds. "At the time of have-not, I look at myself in this mirror," writes Olds in this self-scouring, exhilarating volume, which opens with a section of quarantine poems, and at its center boasts what she calls Amherst Balladz (whose syntax honors Emily Dickinson: "she was our Girl - our Woman - / Man enough - for me") and many more in her own contemporary, long-flowing-sentence rhythm, in which she sings of her childhood, young womanhood, and old age all mixed up together, seeing an early lover in the one who is about to buried; seeing her white privilege without apology; seeing her mother, whom readers of Olds will recognize, "flushed and exalted at punishment time"; seeing how we've spoiled the earth but carrying a stray indoor spider carefully back out to the garden. It is Sharon's gift to us that in her richly detailed exposure of her sorrows she can still elegize songbirds, her true kin, and write that heaven comes here in life, not after it"--</subfield><subfield code="c">Provided by publisher.</subfield></datafield><datafield tag="505" ind1="0" ind2="0"><subfield code="t">Quarantine.</subfield><subfield code="t">Quarantine --</subfield><subfield code="t">May 14, 2020 --</subfield><subfield code="t">My hand --</subfield><subfield code="t">Quarantine --</subfield><subfield code="t">8 steps of 2 steps down --</subfield><subfield code="t">After --</subfield><subfield code="t">Anatomy lesson for the officer --</subfield><subfield code="t">My head and my mother's breast in quarantine together --</subfield><subfield code="t">Centipede --</subfield><subfield code="t">Yes --</subfield><subfield code="t">Quarantine argiope --</subfield><subfield code="t">Not once --</subfield><subfield code="t">Meditation during the sufferings and deaths of others --</subfield><subfield code="t">Before the electric traps arrived --</subfield><subfield code="t">Isolation liverwurst --</subfield><subfield code="t">Quarantine fast --</subfield><subfield code="t">Narcissus takes another look at household tasks --</subfield><subfield code="t">Monday, November 2, 2020 --</subfield><subfield code="t">Quarantine puzzle --</subfield><subfield code="t">Narcissus in quarantine --</subfield><subfield code="t">339th morning of my easy quarantine --</subfield><subfield code="t">X-ray &amp; rats --</subfield><subfield code="t">New Year's song --</subfield><subfield code="t">Sprung trap --</subfield><subfield code="t">Spotted aria --</subfield><subfield code="t">When I looked out --</subfield><subfield code="t">A song near the end of the world --</subfield><subfield code="t">Amherst balladz --</subfield><subfield code="t">Let us play -- Yesterday --</subfield><subfield code="t">You did not sell -- The blueing --</subfield><subfield code="t">I did not shave -- to visit your town --</subfield><subfield code="t">I slept -- in your town -- behind a door --</subfield><subfield code="t">In one double-glaze pane --</subfield><subfield code="t">The air -- was close -- the pane -- slid high --</subfield><subfield code="t">Outside your room -- in the wain's coat --</subfield><subfield code="t">At the center of your room --</subfield><subfield code="t">No Jack I -- nor killed a joint -- When I came to Emily's house late --</subfield><subfield code="t">Balladz --</subfield><subfield code="t">Best friend ballad --</subfield><subfield code="t">Ballad of the chair --</subfield><subfield code="t">Grandmother with parakeet --</subfield><subfield code="t">Paper doll ballad, for Fats --</subfield><subfield code="t">Crazy Sharon talks to the bishop --</subfield><subfield code="t">Ballad of once Mike Carter --</subfield><subfield code="t">Cuckoo ballad --</subfield><subfield code="t">Joined ballad --</subfield><subfield code="t">Snap pants off like --</subfield><subfield code="t">Spectrum ballad --</subfield><subfield code="t">Ballad of the blossming branch --</subfield><subfield code="t">Ballad of EIGHMIWAY --</subfield><subfield code="t">Subway ballad --</subfield><subfield code="t">Dear Stanley --</subfield><subfield code="t">Ballad torn apart --</subfield><subfield code="t">Geraldine Dodge ballad --</subfield><subfield code="t">Ms. Turbation --</subfield><subfield code="t">Not extinct yet --</subfield><subfield code="t">Hair ballad --</subfield><subfield code="t">Rubber shower mat ballad --</subfield><subfield code="t">Handerchief ballad --</subfield><subfield code="t">Epidermis ballad --</subfield><subfield code="t">Album from a previous existence.</subfield><subfield code="t">If I had been able --</subfield><subfield code="t">Genesis --</subfield><subfield code="t">My mother's meat grinder --</subfield><subfield code="t">Her portrait --</subfield><subfield code="t">Bad &amp; Crazy --</subfield><subfield code="t">When they told me God could read my mind --</subfield><subfield code="t">Tender bitter --</subfield><subfield code="t">In praise of the tear glands --</subfield><subfield code="t">Goodbye --</subfield><subfield code="t">What came next after our father's death --</subfield><subfield code="t">Ghazal confessional --</subfield><subfield code="t">White boy in pajamas, BIg Sur Inn, Gulf War --</subfield><subfield code="t">The communicant --</subfield><subfield code="t">Biance helps me clean my attic --</subfield><subfield code="t">5 o'clockface --</subfield><subfield code="t">Improv --</subfield><subfield code="t">If I were to sing myself --</subfield><subfield code="t">Into Tahoe --</subfield><subfield code="t">This is just to say --</subfield><subfield code="t">To Chase, after the diagnosis --</subfield><subfield code="t">To Chase, during her surgery --</subfield><subfield code="t">All of a sudden I see, and my heart sinks --</subfield><subfield code="t">What I look like --</subfield><subfield code="t">Dream near the end --</subfield><subfield code="t">Elegies.</subfield><subfield code="t">Transformations --</subfield><subfield code="t">Her brother --</subfield><subfield code="t">Confessional (for S.B.) --</subfield><subfield code="t">That Goddess --</subfield><subfield code="t">Wasn't afraid --</subfield><subfield code="t">Looking for Galway on the Vermont Mountainside --</subfield><subfield code="t">Suddenly --</subfield><subfield code="t">After reading Shallcross --</subfield><subfield code="t">When they say you have maybe three months left --</subfield><subfield code="t">Heroin --</subfield><subfield code="t">When the cancer has come back, sleeping in his house with him but not in his bed with him --</subfield><subfield code="t">His birthday --</subfield><subfield code="t">His voice, a week before his spirits follows his voice out --</subfield><subfield code="t">Three views of him asleep, his final days --</subfield><subfield code="t">The preparing --</subfield><subfield code="t">The box --</subfield><subfield code="t">After an epitaph on an English headstone --</subfield><subfield code="t">Can't sleep --</subfield><subfield code="t">Komodo.</subfield></datafield><datafield tag="776" ind1="0" ind2="8"><subfield code="i">Online version:</subfield><subfield code="a">Olds, Sharon, 1942-</subfield><subfield code="t">Balladz</subfield><subfield code="d">New York : Alfred A. Knopf, 2022</subfield><subfield code="z">9780525656968</subfield><subfield code="w">(DLC)  2022001789</subfield></datafield><datafield tag="960" ind1=" " ind2=" "><subfield code="a">39002139499074</subfield><subfield code="o">1</subfield><subfield code="s">23.31</subfield><subfield code="t">ccl</subfield><subfield code="u">YBBASS151</subfield></datafield><datafield tag="961" ind1=" " ind2=" "><subfield code="c">221110</subfield><subfield code="f">490463</subfield><subfield code="m">653130</subfield></datafield><datafield tag="987" ind1=" " ind2=" "><subfield code="c">ON ORDER</subfield></datafield></record>