<record><leader>01393cam a2200349zi 4500</leader><controlfield tag="001">99167160043408651</controlfield><controlfield tag="005">20250710041709.0</controlfield><controlfield tag="008">221022t20232023nyuaf  e b    000 0aeng d</controlfield><datafield tag="020" ind1=" " ind2=" "><subfield code="a">9780316564403</subfield></datafield><datafield tag="020" ind1=" " ind2=" "><subfield code="a">0316564400</subfield></datafield><datafield tag="024" ind1="8" ind2=" "><subfield code="a">40031818677</subfield></datafield><datafield tag="035" ind1=" " ind2=" "><subfield code="a">(NhCcYBP)om3288128531</subfield></datafield><datafield tag="035" ind1=" " ind2=" "><subfield code="a">16716004</subfield></datafield><datafield tag="035" ind1=" " ind2=" "><subfield code="a">(CtY)16716004-yaledb-Voyager</subfield></datafield><datafield tag="040" ind1=" " ind2=" "><subfield code="a">NhCcYBP</subfield><subfield code="b">eng</subfield><subfield code="e">rda</subfield><subfield code="c">NhCcYBP</subfield></datafield><datafield tag="050" ind1="1" ind2="4"><subfield code="a">DS135.N6</subfield><subfield code="b">P494 2023</subfield></datafield><datafield tag="079" ind1=" " ind2=" "><subfield code="a">1348378326</subfield></datafield><datafield tag="090" ind1=" " ind2=" "><subfield code="a">DS135.N6</subfield><subfield code="b">P494 2023 (LC)</subfield></datafield><datafield tag="100" ind1="1" ind2=" "><subfield code="a">Pick-Goslar, Hannah,</subfield><subfield code="e">author.</subfield><subfield code="0">http://id.loc.gov/authorities/names/n96086054</subfield><subfield code="9">no_linkage</subfield></datafield><datafield tag="245" ind1="1" ind2="0"><subfield code="a">My friend Anne Frank :</subfield><subfield code="b">the inspiring and heartbreaking true story of best friends torn apart and reunited against all odds /</subfield><subfield code="c">Hannah Pick-Goslar, with Dina Kraft.</subfield></datafield><datafield tag="250" ind1=" " ind2=" "><subfield code="a">First North American edition.</subfield></datafield><datafield tag="264" ind1=" " ind2="1"><subfield code="a">New York :</subfield><subfield code="b">Little, Brown Spark,</subfield><subfield code="c">2023.</subfield></datafield><datafield tag="264" ind1=" " ind2="4"><subfield code="c">©2023</subfield></datafield><datafield tag="300" ind1=" " ind2=" "><subfield code="a">313 pages, 16 unnumbered pages of plates :</subfield><subfield code="b">illustrations (some color) ;</subfield><subfield code="c">25 cm</subfield></datafield><datafield tag="336" ind1=" " ind2=" "><subfield code="a">text</subfield><subfield code="b">txt</subfield><subfield code="2">rdacontent</subfield></datafield><datafield tag="337" ind1=" " ind2=" "><subfield code="a">unmediated</subfield><subfield code="b">n</subfield><subfield code="2">rdamedia</subfield></datafield><datafield tag="338" ind1=" " ind2=" "><subfield code="a">volume</subfield><subfield code="b">nc</subfield><subfield code="2">rdacarrier</subfield></datafield><datafield tag="600" ind1="1" ind2="0"><subfield code="a">Pick-Goslar, Hannah</subfield><subfield code="x">Childhood and youth.</subfield><subfield code="9">no_linkage</subfield></datafield><datafield tag="700" ind1="1" ind2=" "><subfield code="a">Kraft, Dina,</subfield><subfield code="e">author.</subfield><subfield code="0">http://id.loc.gov/authorities/names/no2023063563</subfield><subfield code="9">no_linkage</subfield></datafield><datafield tag="960" ind1=" " ind2=" "><subfield code="a">39002137473683</subfield><subfield code="o">1</subfield><subfield code="s">30.56</subfield><subfield code="t">ccl</subfield><subfield code="u">YBBASS151</subfield></datafield><datafield tag="961" ind1=" " ind2=" "><subfield code="c">230724</subfield><subfield code="f">762319</subfield><subfield code="m">653130</subfield></datafield><datafield tag="987" ind1=" " ind2=" "><subfield code="c">ON ORDER</subfield></datafield></record>