<record><leader>00348cam a2200097 a 4500</leader><controlfield tag="001">99169763783408651</controlfield><controlfield tag="005">20250710042552.0</controlfield><controlfield tag="008">250614s2022####xx######r#####000#0#eng#d</controlfield><datafield tag="035" ind1=" " ind2=" "><subfield code="a">(CtY)16976378-yaledb-Voyager</subfield></datafield><datafield tag="100" ind1=" " ind2=" "><subfield code="a">Krall, Yung</subfield><subfield code="9">no_linkage</subfield></datafield><datafield tag="245" ind1=" " ind2=" "><subfield code="a">A thousand tears falling : the true story of a Vietnamese family torn apart by war, communism, and the CIA /</subfield></datafield></record>