<record><leader>03753cam a22006011a 4500</leader><controlfield tag="001">99172676253408651</controlfield><controlfield tag="005">20250710040749.0</controlfield><controlfield tag="006">m     o  d        </controlfield><controlfield tag="007">cr |n|||||||||</controlfield><controlfield tag="008">240722s2003    enk     ob    001 0 eng d</controlfield><datafield tag="020" ind1=" " ind2=" "><subfield code="a">0203010698 (electronic bk.)</subfield></datafield><datafield tag="020" ind1=" " ind2=" "><subfield code="a">9780203010693 (electronic bk.)</subfield></datafield><datafield tag="020" ind1=" " ind2=" "><subfield code="z">0714654280</subfield></datafield><datafield tag="020" ind1=" " ind2=" "><subfield code="z">0714683515</subfield></datafield><datafield tag="020" ind1=" " ind2=" "><subfield code="z">9780714654287</subfield></datafield><datafield tag="020" ind1=" " ind2=" "><subfield code="z">9780714683515</subfield></datafield><datafield tag="035" ind1=" " ind2=" "><subfield code="a">(NhCcYBP)00c292f4d1db42d1b970d23e0c2eade59780203010693</subfield></datafield><datafield tag="035" ind1=" " ind2=" "><subfield code="a">(CtY)17267625-yaledb-Voyager</subfield></datafield><datafield tag="040" ind1=" " ind2=" "><subfield code="a">NhCcYBP</subfield><subfield code="b">eng</subfield><subfield code="c">NhCcYBP</subfield></datafield><datafield tag="043" ind1=" " ind2=" "><subfield code="a">en-----</subfield><subfield code="a">eb-----</subfield><subfield code="a">e-ru---</subfield></datafield><datafield tag="050" ind1=" " ind2="4"><subfield code="a">DL55</subfield><subfield code="b">.P67 2003</subfield></datafield><datafield tag="245" ind1="0" ind2="0"><subfield code="a">Post-Cold War identity politics :</subfield><subfield code="b">northern and Baltic experiences /</subfield><subfield code="c">editors, Marko Lehti, David J. Smith.</subfield></datafield><datafield tag="260" ind1=" " ind2=" "><subfield code="a">London ;</subfield><subfield code="a">Portland, OR :</subfield><subfield code="b">Frank Cass,</subfield><subfield code="c">2003.</subfield></datafield><datafield tag="300" ind1=" " ind2=" "><subfield code="a">1 online resource (xix, 320 pages.)</subfield></datafield><datafield tag="336" ind1=" " ind2=" "><subfield code="a">text</subfield><subfield code="b">txt</subfield><subfield code="2">rdacontent</subfield></datafield><datafield tag="337" ind1=" " ind2=" "><subfield code="a">computer</subfield><subfield code="b">c</subfield><subfield code="2">rdamedia</subfield></datafield><datafield tag="338" ind1=" " ind2=" "><subfield code="a">online resource</subfield><subfield code="b">cr</subfield><subfield code="2">rdacarrier</subfield></datafield><datafield tag="490" ind1="1" ind2=" "><subfield code="a">Cass series--nationalism and ethnicity,</subfield><subfield code="x">1462-9755</subfield></datafield><datafield tag="504" ind1=" " ind2=" "><subfield code="a">Includes bibliographical references (pages 299-312) and index.</subfield></datafield><datafield tag="505" ind1="0" ind2="0"><subfield code="t">Introduction: Other Europes /</subfield><subfield code="r">Marko Lehti, David J. Smith --</subfield><subfield code="t">Possessing a Baltic Europe: Retold National Narratives in the European North /</subfield><subfield code="r">Marko Lehti --</subfield><subfield code="t">Nordic Near Abroad or New Northern Europe? Perspectives on Post-Cold War Regional Co-operation in the Baltic Sea Area /</subfield><subfield code="r">David J. Smith --</subfield><subfield code="t">Past Politics in North-Eastern Europe: The Role of History in Post-Cold War Identity Politics /</subfield><subfield code="r">Jorg Hackman --</subfield><subfield code="t">From Modern to Post-Modern Region-Building: Emancipating the Finnish Nation from the State /</subfield><subfield code="r">Christopher S. Browning --</subfield><subfield code="t">The Encounter between the Nordic and the Northern: Torn Apart but Meeting Again? /</subfield><subfield code="r">Pertti Joenniemi, Marko Lehti --</subfield><subfield code="t">Looking for Neighbours: Origins and Developments of Latvian Rhetoric on Nordic 'Closeness' /</subfield><subfield code="r">Valters Scerbinskis --</subfield><subfield code="t">Regional Security: All or Nothing at All? /</subfield><subfield code="r">John Hiden --</subfield><subfield code="t">Estonia and Europe: A Common Identity or an Identity Crisis? /</subfield><subfield code="r">Vahur Made --</subfield><subfield code="t">Paradise Regained: The Conceptualization of Europe in the Lithuanian Debate /</subfield><subfield code="r">Inga Pavlovaite --</subfield><subfield code="t">The Baltic States in Russian Foreign Policy Discourse: Can Russia Become a Baltic Country? /</subfield><subfield code="r">Viatcheslav Morozov --</subfield><subfield code="t">Post-Soviet Geo-politics in the North of Europe /</subfield><subfield code="r">Pami Aalto --</subfield><subfield code="t">Clash of the Boundaries? The European Union and Russia in the Northern Dimension /</subfield><subfield code="r">Hiski Haukkala.</subfield></datafield><datafield tag="506" ind1=" " ind2=" "><subfield code="a">Access restricted by licensing agreement.</subfield></datafield><datafield tag="588" ind1=" " ind2=" "><subfield code="a">Description based on print version record.</subfield></datafield><datafield tag="590" ind1=" " ind2=" "><subfield code="a">Access is available to the Yale community.</subfield></datafield><datafield tag="650" ind1=" " ind2="0"><subfield code="a">Identity politics</subfield><subfield code="z">Baltic States.</subfield><subfield code="0">http://id.loc.gov/authorities/subjects/sh2009000728</subfield></datafield><datafield tag="650" ind1=" " ind2="0"><subfield code="a">Identity politics</subfield><subfield code="z">Europe, Northern.</subfield><subfield code="0">http://id.loc.gov/authorities/subjects/sh2009000728</subfield></datafield><datafield tag="650" ind1=" " ind2="0"><subfield code="a">Post-communism</subfield><subfield code="z">Baltic States.</subfield><subfield code="0">http://id.loc.gov/authorities/subjects/sh91003938</subfield></datafield><datafield tag="650" ind1=" " ind2="0"><subfield code="a">Post-communism</subfield><subfield code="z">Europe, Northern.</subfield><subfield code="0">http://id.loc.gov/authorities/subjects/sh91003938</subfield></datafield><datafield tag="650" ind1=" " ind2="0"><subfield code="a">Security, International.</subfield><subfield code="0">http://id.loc.gov/authorities/subjects/sh85119471</subfield></datafield><datafield tag="651" ind1=" " ind2="0"><subfield code="a">Baltic States</subfield><subfield code="x">Politics and government.</subfield><subfield code="0">http://id.loc.gov/authorities/subjects/sh96000103</subfield></datafield><datafield tag="651" ind1=" " ind2="0"><subfield code="a">Europe, Northern</subfield><subfield code="x">Politics and government.</subfield><subfield code="0">http://id.loc.gov/authorities/subjects/sh85045778</subfield></datafield><datafield tag="651" ind1=" " ind2="0"><subfield code="a">Russia (Federation)</subfield><subfield code="x">Foreign relations.</subfield><subfield code="0">http://id.loc.gov/authorities/subjects/sh2005000242</subfield></datafield><datafield tag="700" ind1="1" ind2=" "><subfield code="a">Lehti, Marko.</subfield><subfield code="9">no_linkage</subfield></datafield><datafield tag="700" ind1="1" ind2=" "><subfield code="a">Smith, David J.</subfield><subfield code="q">(David James),</subfield><subfield code="d">1968-</subfield><subfield code="0">http://id.loc.gov/authorities/names/nb2001053450</subfield><subfield code="1">http://viaf.org/viaf/50289193</subfield></datafield><datafield tag="730" ind1="0" ind2=" "><subfield code="a">Taylor &amp; Francis.</subfield><subfield code="g">EBA 2024-2025.</subfield></datafield><datafield tag="776" ind1="0" ind2="8"><subfield code="c">Original</subfield><subfield code="z">0714654280</subfield><subfield code="z">9780714654287</subfield><subfield code="z">0714683515</subfield><subfield code="z">9780714683515</subfield><subfield code="w">(DLC)  2003043408</subfield></datafield><datafield tag="830" ind1=" " ind2="0"><subfield code="a">Cass series--nationalism and ethnicity.</subfield><subfield code="x">1462-9755</subfield></datafield><datafield tag="852" ind1="8" ind2="0"><subfield code="b">yulint</subfield><subfield code="h">None</subfield><subfield code="z">Online resource</subfield></datafield><datafield tag="856" ind1="4" ind2="0"><subfield code="u">https://yale.idm.oclc.org/login?URL=https://www.taylorfrancis.com/books/9780203010693</subfield><subfield code="y">Online book</subfield></datafield><datafield tag="946" ind1=" " ind2=" "><subfield code="a">DO NOT EDIT. DO NOT EXPORT.</subfield></datafield><datafield tag="953" ind1=" " ind2=" "><subfield code="a">https://www.taylorfrancis.com/books/9780203010693</subfield></datafield><datafield tag="975" ind1=" " ind2=" "><subfield code="p">Yale Sterling Memorial T&amp;F EBA 20240722</subfield></datafield><datafield tag="975" ind1=" " ind2=" "><subfield code="p">Yale Sterling Memorial T&amp;F EBA 2024-2025</subfield></datafield><datafield tag="976" ind1=" " ind2=" "><subfield code="a">6011155</subfield></datafield></record>