<record><leader>03032cam a2200601 i 4500</leader><controlfield tag="001">99173603863408651</controlfield><controlfield tag="005">20250710050420.0</controlfield><controlfield tag="008">220926t20222022oruac    b    000 0aeng d</controlfield><datafield tag="010" ind1=" " ind2=" "><subfield code="a">  2022277477</subfield></datafield><datafield tag="019" ind1=" " ind2=" "><subfield code="a">1294454109</subfield><subfield code="a">1294919660</subfield><subfield code="a">1301946142</subfield><subfield code="a">1302002203</subfield><subfield code="a">1302105400</subfield></datafield><datafield tag="020" ind1=" " ind2=" "><subfield code="a">9781725293564</subfield><subfield code="q">(paperback)</subfield></datafield><datafield tag="020" ind1=" " ind2=" "><subfield code="a">1725293560</subfield><subfield code="q">(paperback)</subfield></datafield><datafield tag="020" ind1=" " ind2=" "><subfield code="a">9781998951086</subfield><subfield code="q">(paperback)</subfield></datafield><datafield tag="020" ind1=" " ind2=" "><subfield code="a">1998951081</subfield><subfield code="q">(paperback)</subfield></datafield><datafield tag="020" ind1=" " ind2=" "><subfield code="a">9781725293571</subfield><subfield code="q">(hardback)</subfield></datafield><datafield tag="020" ind1=" " ind2=" "><subfield code="a">1725293579</subfield><subfield code="q">(hardback)</subfield></datafield><datafield tag="020" ind1=" " ind2=" "><subfield code="z">9781725293588</subfield><subfield code="q">(ebook)</subfield></datafield><datafield tag="035" ind1=" " ind2=" "><subfield code="a">(OCoLC)on1294829414</subfield></datafield><datafield tag="035" ind1=" " ind2=" "><subfield code="a">17360386</subfield></datafield><datafield tag="035" ind1=" " ind2=" "><subfield code="a">(CtY)17360386-yaledb-Voyager</subfield></datafield><datafield tag="035" ind1=" " ind2=" "><subfield code="z">(OCoLC)1294454109</subfield><subfield code="z">(OCoLC)1294919660</subfield><subfield code="z">(OCoLC)1301946142</subfield><subfield code="z">(OCoLC)1302002203</subfield><subfield code="z">(OCoLC)1302105400</subfield></datafield><datafield tag="040" ind1=" " ind2=" "><subfield code="a">YDX</subfield><subfield code="b">eng</subfield><subfield code="e">rda</subfield><subfield code="c">DLC</subfield><subfield code="d">PTS</subfield><subfield code="d">EMU</subfield><subfield code="d">OCLCO</subfield><subfield code="d">GZM</subfield><subfield code="d">OCLCL</subfield></datafield><datafield tag="042" ind1=" " ind2=" "><subfield code="a">lccopycat</subfield></datafield><datafield tag="043" ind1=" " ind2=" "><subfield code="a">f-sa---</subfield></datafield><datafield tag="050" ind1="0" ind2="0"><subfield code="a">DT1927.S76</subfield><subfield code="b">A3 2022</subfield></datafield><datafield tag="082" ind1="0" ind2="4"><subfield code="a">287.1092</subfield><subfield code="2">23</subfield></datafield><datafield tag="100" ind1="1" ind2=" "><subfield code="a">Storey, Peter John,</subfield><subfield code="d">1938-</subfield><subfield code="e">author.</subfield><subfield code="0">http://id.loc.gov/authorities/names/n85309775</subfield><subfield code="1">http://viaf.org/viaf/38370677</subfield></datafield><datafield tag="245" ind1="1" ind2="0"><subfield code="a">Protest at midnight :</subfield><subfield code="b">ministry to a nation torn apart /</subfield><subfield code="c">Peter Storey ; foreword by Will Willimon ; edited by Sarah Musser.</subfield></datafield><datafield tag="246" ind1="3" ind2="0"><subfield code="a">Ministry to a nation torn apart</subfield></datafield><datafield tag="250" ind1=" " ind2=" "><subfield code="a">First edition.</subfield></datafield><datafield tag="264" ind1=" " ind2="1"><subfield code="a">Eugene, Oregon :</subfield><subfield code="b">Cascade Books,</subfield><subfield code="c">[2022]</subfield></datafield><datafield tag="264" ind1=" " ind2="4"><subfield code="c">©2022</subfield></datafield><datafield tag="300" ind1=" " ind2=" "><subfield code="a">xviii, 262 pages :</subfield><subfield code="b">illustrations, portraits ;</subfield><subfield code="c">23 cm</subfield></datafield><datafield tag="336" ind1=" " ind2=" "><subfield code="a">text</subfield><subfield code="b">txt</subfield><subfield code="2">rdacontent</subfield></datafield><datafield tag="337" ind1=" " ind2=" "><subfield code="a">unmediated</subfield><subfield code="b">n</subfield><subfield code="2">rdamedia</subfield></datafield><datafield tag="338" ind1=" " ind2=" "><subfield code="a">volume</subfield><subfield code="b">nc</subfield><subfield code="2">rdacarrier</subfield></datafield><datafield tag="504" ind1=" " ind2=" "><subfield code="a">Includes bibliographical references.</subfield></datafield><datafield tag="600" ind1="1" ind2="0"><subfield code="a">Storey, Peter John,</subfield><subfield code="d">1938-</subfield><subfield code="0">http://id.loc.gov/authorities/names/n85309775</subfield><subfield code="1">http://viaf.org/viaf/38370677</subfield></datafield><datafield tag="610" ind1="2" ind2="0"><subfield code="a">Methodist Church of Southern Africa.</subfield><subfield code="0">http://id.loc.gov/authorities/names/n86119261</subfield></datafield><datafield tag="650" ind1=" " ind2="0"><subfield code="a">Clergy</subfield><subfield code="v">Biography.</subfield></datafield><datafield tag="650" ind1=" " ind2="0"><subfield code="a">Christianity and politics</subfield><subfield code="z">South Africa.</subfield></datafield><datafield tag="650" ind1=" " ind2="0"><subfield code="a">Church and social problems</subfield><subfield code="z">South Africa.</subfield><subfield code="0">http://id.loc.gov/authorities/subjects/sh2009119596</subfield></datafield><datafield tag="600" ind1="1" ind2="7"><subfield code="a">Storey, Peter John,</subfield><subfield code="d">1938-</subfield><subfield code="2">fast</subfield><subfield code="0">(OCoLC)fst00175119</subfield></datafield><datafield tag="610" ind1="2" ind2="7"><subfield code="a">Methodist Church of Southern Africa.</subfield><subfield code="2">fast</subfield><subfield code="0">(OCoLC)fst00625108</subfield></datafield><datafield tag="650" ind1=" " ind2="7"><subfield code="a">Christianity and politics.</subfield><subfield code="2">fast</subfield><subfield code="0">(OCoLC)fst00859736</subfield></datafield><datafield tag="650" ind1=" " ind2="7"><subfield code="a">Church and social problems.</subfield><subfield code="2">fast</subfield><subfield code="0">(OCoLC)fst00860491</subfield></datafield><datafield tag="650" ind1=" " ind2="7"><subfield code="a">Clergy.</subfield><subfield code="2">fast</subfield><subfield code="0">(OCoLC)fst00864014</subfield></datafield><datafield tag="651" ind1=" " ind2="7"><subfield code="a">South Africa.</subfield><subfield code="2">fast</subfield><subfield code="0">(OCoLC)fst01204616</subfield></datafield><datafield tag="655" ind1=" " ind2="7"><subfield code="a">Biographies.</subfield><subfield code="2">fast</subfield><subfield code="0">(OCoLC)fst01919896</subfield></datafield><datafield tag="655" ind1=" " ind2="7"><subfield code="a">Biographies.</subfield><subfield code="2">lcgft</subfield><subfield code="0">http://id.loc.gov/authorities/genreForms/gf2014026049</subfield></datafield><datafield tag="700" ind1="1" ind2=" "><subfield code="a">Willimon, William H.,</subfield><subfield code="e">writer of foreword.</subfield><subfield code="0">http://id.loc.gov/authorities/names/n79063003</subfield><subfield code="1">http://viaf.org/viaf/64179868</subfield></datafield><datafield tag="700" ind1="1" ind2=" "><subfield code="a">Musser, Sarah,</subfield><subfield code="e">editor.</subfield></datafield><datafield tag="758" ind1=" " ind2=" "><subfield code="i">has work:</subfield><subfield code="a">PROTEST AT MIDNIGHT;MINISTRY TO A NATION TORN APART (Text)</subfield><subfield code="1">https://id.oclc.org/worldcat/entity/E39PCYFc6K89KmVbWqVBD8XtGb</subfield><subfield code="4">https://id.oclc.org/worldcat/ontology/hasWork</subfield></datafield></record>