<record><leader>01238cam a2200337zi 4500</leader><controlfield tag="001">99174087613408651</controlfield><controlfield tag="005">20250710051432.0</controlfield><controlfield tag="008">230913s2023    ne a          000 0 eng d</controlfield><datafield tag="020" ind1=" " ind2=" "><subfield code="a">9789493322110</subfield></datafield><datafield tag="020" ind1=" " ind2=" "><subfield code="a">9493322114</subfield></datafield><datafield tag="020" ind1=" " ind2=" "><subfield code="a">9789493322103</subfield></datafield><datafield tag="020" ind1=" " ind2=" "><subfield code="a">9493322106</subfield></datafield><datafield tag="024" ind1="8" ind2=" "><subfield code="a">40032437702</subfield></datafield><datafield tag="035" ind1=" " ind2=" "><subfield code="a">(NhCcYBP)om4462139371</subfield></datafield><datafield tag="035" ind1=" " ind2=" "><subfield code="a">17408761</subfield></datafield><datafield tag="035" ind1=" " ind2=" "><subfield code="a">(CtY)17408761-yaledb-Voyager</subfield></datafield><datafield tag="040" ind1=" " ind2=" "><subfield code="a">NhCcYBP</subfield><subfield code="b">eng</subfield><subfield code="e">rda</subfield><subfield code="c">NhCcYBP</subfield></datafield><datafield tag="050" ind1=" " ind2="4"><subfield code="a">PR6103.A8424</subfield><subfield code="b">B87 2023</subfield></datafield><datafield tag="090" ind1=" " ind2=" "><subfield code="a">PR6103.A8424</subfield><subfield code="b">B87 2023 (LC)</subfield></datafield><datafield tag="100" ind1="1" ind2=" "><subfield code="a">Case, Sonia,</subfield><subfield code="e">author.</subfield><subfield code="9">no_linkage</subfield></datafield><datafield tag="245" ind1="1" ind2="0"><subfield code="a">Burying the ghosts :</subfield><subfield code="b">she escaped Nazi Germany only to have her life torn apart by the woman she saved from the camps: her mother /</subfield><subfield code="c">Sonia Case.</subfield></datafield><datafield tag="264" ind1=" " ind2="1"><subfield code="a">The Netherlands :</subfield><subfield code="b">Amsterdam Publishers,</subfield><subfield code="c">[2023]</subfield></datafield><datafield tag="300" ind1=" " ind2=" "><subfield code="a">ix, 333 pages :</subfield><subfield code="b">illustrations ;</subfield><subfield code="c">24 cm.</subfield></datafield><datafield tag="336" ind1=" " ind2=" "><subfield code="a">text</subfield><subfield code="b">txt</subfield><subfield code="2">rdacontent</subfield></datafield><datafield tag="337" ind1=" " ind2=" "><subfield code="a">unmediated</subfield><subfield code="b">n</subfield><subfield code="2">rdamedia</subfield></datafield><datafield tag="338" ind1=" " ind2=" "><subfield code="a">volume</subfield><subfield code="b">nc</subfield><subfield code="2">rdacarrier</subfield></datafield><datafield tag="490" ind1="0" ind2=" "><subfield code="a">WWII historical fiction</subfield></datafield><datafield tag="650" ind1=" " ind2="0"><subfield code="a">Holocaust, Jewish (1939-1945)</subfield><subfield code="v">Fiction.</subfield><subfield code="0">http://id.loc.gov/authorities/subjects/sh2008105718</subfield></datafield><datafield tag="960" ind1=" " ind2=" "><subfield code="a">39002144121234</subfield><subfield code="o">1</subfield><subfield code="s">28.91</subfield><subfield code="t">smllnb</subfield><subfield code="u">YBSMLIT151</subfield></datafield><datafield tag="961" ind1=" " ind2=" "><subfield code="c">240923</subfield><subfield code="f">182019</subfield><subfield code="m">653126</subfield></datafield><datafield tag="987" ind1=" " ind2=" "><subfield code="c">ON ORDER</subfield></datafield></record>