<record><leader>00368cam a2200097 a 4500</leader><controlfield tag="001">99174768213408651</controlfield><controlfield tag="005">20250917154913.0</controlfield><controlfield tag="008">250615s2022####xx######r#####000#0#eng#d</controlfield><datafield tag="035" ind1=" " ind2=" "><subfield code="a">(CtY)17476821-yaledb-Voyager</subfield></datafield><datafield tag="100" ind1=" " ind2=" "><subfield code="a">Roberts, Dorothy E., </subfield><subfield code="d"> 1956-</subfield><subfield code="9">no_linkage</subfield></datafield><datafield tag="245" ind1=" " ind2=" "><subfield code="a">Torn apart : how the child welfare system destroys Black families--and how abolition can build a safer world /</subfield></datafield></record>