<record><leader>01914cam a2200373Ia 4500</leader><controlfield tag="001">991002185579708651</controlfield><controlfield tag="005">20250710233428.0</controlfield><controlfield tag="008">101026s2011    stkac    b    000 0 eng d</controlfield><datafield tag="020" ind1=" " ind2=" "><subfield code="a">9781844095483 :</subfield><subfield code="c">$20.00</subfield></datafield><datafield tag="020" ind1=" " ind2=" "><subfield code="a">1844095487</subfield></datafield><datafield tag="035" ind1=" " ind2=" "><subfield code="a">(CtY-L)b10709150</subfield></datafield><datafield tag="035" ind1=" " ind2=" "><subfield code="a">7ocm38531507</subfield><subfield code="9">ExL</subfield></datafield><datafield tag="035" ind1=" " ind2=" "><subfield code="a">(OCoLC)676725236</subfield></datafield><datafield tag="040" ind1=" " ind2=" "><subfield code="a">BTCTA</subfield><subfield code="b">eng</subfield><subfield code="c">BTCTA</subfield><subfield code="d">YDXCP</subfield><subfield code="d">SFR</subfield><subfield code="d">GPI</subfield><subfield code="d">ONA</subfield><subfield code="d">UtOrBLW</subfield></datafield><datafield tag="050" ind1=" " ind2="4"><subfield code="a">HQ76.2.U5</subfield><subfield code="b">R53 2011</subfield></datafield><datafield tag="059" ind1=" " ind2=" "><subfield code="a">NhCcYME</subfield></datafield><datafield tag="079" ind1=" " ind2=" "><subfield code="a">676725236</subfield></datafield><datafield tag="090" ind1=" " ind2=" "><subfield code="a">HQ76.2.U5</subfield><subfield code="b">R53 2011</subfield></datafield><datafield tag="100" ind1="1" ind2=" "><subfield code="a">Rickard, Judy.</subfield><subfield code="9">no_linkage</subfield></datafield><datafield tag="245" ind1="1" ind2="0"><subfield code="a">Torn apart :</subfield><subfield code="b">united by love, divided by law /</subfield><subfield code="c">Judy Rickard.</subfield></datafield><datafield tag="260" ind1=" " ind2=" "><subfield code="a">Forres, Scotland :</subfield><subfield code="b">Findhorn Press,</subfield><subfield code="c">c2011.</subfield></datafield><datafield tag="300" ind1=" " ind2=" "><subfield code="a">271 pages :</subfield><subfield code="b">illustrations, portraits ;</subfield><subfield code="c">23 cm</subfield></datafield><datafield tag="336" ind1=" " ind2=" "><subfield code="a">text</subfield><subfield code="b">txt</subfield><subfield code="2">rdacontent</subfield></datafield><datafield tag="337" ind1=" " ind2=" "><subfield code="a">unmediated</subfield><subfield code="b">n</subfield><subfield code="2">rdamedia</subfield></datafield><datafield tag="338" ind1=" " ind2=" "><subfield code="a">volume</subfield><subfield code="b">nc</subfield><subfield code="2">rdacarrier</subfield></datafield><datafield tag="504" ind1=" " ind2=" "><subfield code="a">Includes bibliographical references.</subfield></datafield><datafield tag="520" ind1=" " ind2=" "><subfield code="a">The uphill battle that thousands of lesbian and gay couples face are described in these moving stories about immigration, injustice, and love. As Judy and Karin's story shows, when only one person in a gay couple is an American citizen, it is virtually impossible to obtain legal residence for the other partner. U.S. federal immigration law does not have a category for their union--even if they are legally married in another country. The result is that families are ripped apart, children are separated from their parents, gravely ill people die alone in the hospital, careers are abandoned, and relationships are strained to the breaking point.</subfield></datafield><datafield tag="650" ind1=" " ind2="0"><subfield code="a">Gay couples</subfield><subfield code="z">United States</subfield><subfield code="v">Biography.</subfield><subfield code="0">http://id.loc.gov/authorities/subjects/sh85061777</subfield></datafield><datafield tag="650" ind1=" " ind2="0"><subfield code="a">Gay immigrants</subfield><subfield code="z">United States</subfield><subfield code="v">Biography.</subfield><subfield code="0">http://id.loc.gov/authorities/subjects/sh2008003127</subfield></datafield><datafield tag="650" ind1=" " ind2="0"><subfield code="a">Emigration and immigration law</subfield><subfield code="z">United States.</subfield><subfield code="0">http://id.loc.gov/authorities/subjects/sh85042791</subfield></datafield><datafield tag="907" ind1=" " ind2=" "><subfield code="a">.b10709150</subfield><subfield code="b">03-29-22</subfield><subfield code="c">04-05-11</subfield></datafield><datafield tag="987" ind1=" " ind2=" "><subfield code="a">BSLW processing 2016</subfield></datafield><datafield tag="987" ind1=" " ind2=" "><subfield code="a">jl 06/13/11</subfield></datafield><datafield tag="998" ind1=" " ind2=" "><subfield code="a">ues</subfield><subfield code="b">06-13-11</subfield><subfield code="c">o</subfield><subfield code="d">b  </subfield><subfield code="e">t</subfield><subfield code="f">eng</subfield><subfield code="g">stk</subfield><subfield code="h">0</subfield></datafield></record>