<record><leader>00410nam a2200121 a 4500</leader><controlfield tag="001">991006204419708651</controlfield><controlfield tag="005">20250711005854.0</controlfield><controlfield tag="008">250616s2022    xx      r     000 0 eng d</controlfield><datafield tag="035" ind1=" " ind2=" "><subfield code="a">(CtY-L)b21098979</subfield></datafield><datafield tag="090" ind1=" " ind2=" "><subfield code="a">2218099</subfield></datafield><datafield tag="245" ind1=" " ind2="0"><subfield code="a">Torn apart :</subfield><subfield code="b">how the child welfare system destroys Black families--and how abolition can build a safer world /</subfield></datafield><datafield tag="907" ind1=" " ind2=" "><subfield code="a">.b21098979</subfield><subfield code="b">12-04-24</subfield><subfield code="c">12-04-24</subfield></datafield><datafield tag="998" ind1=" " ind2=" "><subfield code="a">ill</subfield><subfield code="b">  -  -  </subfield><subfield code="c">y</subfield><subfield code="e">n</subfield><subfield code="h">0</subfield></datafield></record>