<record><leader>01296cam a2200337 a 4500</leader><controlfield tag="001">991008043349708651</controlfield><controlfield tag="005">20250710052814.0</controlfield><controlfield tag="008">820607s1981    onca          000 0 eng d</controlfield><datafield tag="035" ind1=" " ind2=" "><subfield code="a">(CtY-L)b1207532</subfield></datafield><datafield tag="035" ind1=" " ind2=" "><subfield code="a">1ocm83361516</subfield><subfield code="9">ExL</subfield></datafield><datafield tag="035" ind1=" " ind2=" "><subfield code="a">82-B791</subfield></datafield><datafield tag="040" ind1=" " ind2=" "><subfield code="d">UtOrBLW</subfield></datafield><datafield tag="079" ind1=" " ind2=" "><subfield code="a">8085060</subfield></datafield><datafield tag="099" ind1=" " ind2=" "><subfield code="a">Russia 51 v.38 no.15</subfield></datafield><datafield tag="245" ind1="0" ind2="2"><subfield code="a">A Family torn apart /</subfield><subfield code="c">compiled by Nina Strokata.</subfield></datafield><datafield tag="260" ind1=" " ind2=" "><subfield code="a">Toronto :</subfield><subfield code="b">Human Rights Commission, World Congress of Free Ukrainians,</subfield><subfield code="c">1981.</subfield></datafield><datafield tag="300" ind1=" " ind2=" "><subfield code="a">43 pages :</subfield><subfield code="b">illustrations ;</subfield><subfield code="c">22 cm</subfield></datafield><datafield tag="336" ind1=" " ind2=" "><subfield code="a">text</subfield><subfield code="b">txt</subfield><subfield code="2">rdacontent</subfield></datafield><datafield tag="337" ind1=" " ind2=" "><subfield code="a">unmediated</subfield><subfield code="b">n</subfield><subfield code="2">rdamedia</subfield></datafield><datafield tag="338" ind1=" " ind2=" "><subfield code="a">volume</subfield><subfield code="b">nc</subfield><subfield code="2">rdacarrier</subfield></datafield><datafield tag="650" ind1=" " ind2="0"><subfield code="a">Persecution</subfield><subfield code="z">Ukraine</subfield><subfield code="x">Case studies.</subfield></datafield><datafield tag="650" ind1=" " ind2="0"><subfield code="a">Civil rights</subfield><subfield code="z">Ukraine</subfield><subfield code="x">Case studies.</subfield></datafield><datafield tag="600" ind1="3" ind2="0"><subfield code="a">Sichko family.</subfield><subfield code="9">no_linkage</subfield></datafield><datafield tag="650" ind1=" " ind2="0"><subfield code="a">Persecution</subfield><subfield code="z">Ukraine.</subfield></datafield><datafield tag="650" ind1=" " ind2="0"><subfield code="a">Civil rights</subfield><subfield code="z">Ukraine.</subfield><subfield code="0">http://id.loc.gov/authorities/subjects/sh2009120061</subfield></datafield><datafield tag="700" ind1="1" ind2=" "><subfield code="a">Strokata, Nina.</subfield><subfield code="9">no_linkage</subfield></datafield><datafield tag="710" ind1="2" ind2=" "><subfield code="a">World Congress of Free Ukrainians.</subfield><subfield code="b">Human Rights Commission.</subfield><subfield code="0">http://id.loc.gov/authorities/names/n79092613</subfield><subfield code="1">http://viaf.org/viaf/145104053</subfield></datafield><datafield tag="907" ind1=" " ind2=" "><subfield code="a">.b1207532</subfield><subfield code="b">03-28-22</subfield><subfield code="c">02-25-88</subfield></datafield><datafield tag="987" ind1=" " ind2=" "><subfield code="a">07/13/82</subfield><subfield code="c">MS</subfield><subfield code="i">820713</subfield></datafield><datafield tag="987" ind1=" " ind2=" "><subfield code="a">BSLW processing 2016</subfield></datafield><datafield tag="998" ind1=" " ind2=" "><subfield code="a">lawsf</subfield><subfield code="b">03-01-88</subfield><subfield code="c">o</subfield><subfield code="d">b  </subfield><subfield code="e">h</subfield><subfield code="f">eng</subfield><subfield code="g">onc</subfield><subfield code="h">2</subfield></datafield></record>