<record><leader>03217cam a2200481 i 4500</leader><controlfield tag="001">991009727969708651</controlfield><controlfield tag="005">20250710053204.0</controlfield><controlfield tag="008">211009t20222022nyu    e b    001 0 eng  </controlfield><datafield tag="010" ind1=" " ind2=" "><subfield code="a">2021036512</subfield></datafield><datafield tag="020" ind1=" " ind2=" "><subfield code="a">9781541675445</subfield><subfield code="q">(hardcover)</subfield></datafield><datafield tag="020" ind1=" " ind2=" "><subfield code="a">1541675444</subfield><subfield code="q">(hardcover)</subfield></datafield><datafield tag="020" ind1=" " ind2=" "><subfield code="z">9781541675452</subfield><subfield code="q">(ebook)</subfield></datafield><datafield tag="035" ind1=" " ind2=" "><subfield code="a">(CtY-L)b17755748</subfield></datafield><datafield tag="040" ind1=" " ind2=" "><subfield code="a">LBSOR/DLC</subfield><subfield code="b">eng</subfield><subfield code="e">rda</subfield><subfield code="c">DLC</subfield><subfield code="d">OCLCF</subfield><subfield code="d">OCLCO</subfield><subfield code="d">TOH</subfield><subfield code="d">OCLCO</subfield><subfield code="d">IEB</subfield><subfield code="d">RNL</subfield><subfield code="d">BNG</subfield><subfield code="d">DGU</subfield></datafield><datafield tag="042" ind1=" " ind2=" "><subfield code="a">pcc</subfield></datafield><datafield tag="043" ind1=" " ind2=" "><subfield code="a">n-us---</subfield></datafield><datafield tag="050" ind1="0" ind2="0"><subfield code="a">HV741</subfield><subfield code="b">.R6225X 2022</subfield></datafield><datafield tag="079" ind1=" " ind2=" "><subfield code="a">1262965425</subfield></datafield><datafield tag="090" ind1=" " ind2=" "><subfield code="a">HV741</subfield><subfield code="b">.R6225X 2022</subfield></datafield><datafield tag="100" ind1="1" ind2=" "><subfield code="a">Roberts, Dorothy E.,</subfield><subfield code="d">1956-</subfield><subfield code="e">author.</subfield><subfield code="0">http://id.loc.gov/authorities/names/n94022457</subfield><subfield code="1">http://viaf.org/viaf/70617312</subfield></datafield><datafield tag="245" ind1="1" ind2="0"><subfield code="a">Torn apart :</subfield><subfield code="b">how the child welfare system destroys Black families--and how abolition can build a safer world /</subfield><subfield code="c">Dorothy Roberts.</subfield></datafield><datafield tag="250" ind1=" " ind2=" "><subfield code="a">First edition.</subfield></datafield><datafield tag="264" ind1=" " ind2="1"><subfield code="a">New York :</subfield><subfield code="b">Basic Books,</subfield><subfield code="c">2022.</subfield></datafield><datafield tag="264" ind1=" " ind2="4"><subfield code="c">©2022</subfield></datafield><datafield tag="300" ind1=" " ind2=" "><subfield code="a">vii, 375 pages ;</subfield><subfield code="c">25 cm</subfield></datafield><datafield tag="336" ind1=" " ind2=" "><subfield code="a">text</subfield><subfield code="b">txt</subfield><subfield code="2">rdacontent</subfield></datafield><datafield tag="337" ind1=" " ind2=" "><subfield code="a">unmediated</subfield><subfield code="b">n</subfield><subfield code="2">rdamedia</subfield></datafield><datafield tag="338" ind1=" " ind2=" "><subfield code="a">volume</subfield><subfield code="b">nc</subfield><subfield code="2">rdacarrier</subfield></datafield><datafield tag="504" ind1=" " ind2=" "><subfield code="a">Includes bibliographical references (pages 309-360) and index.</subfield></datafield><datafield tag="520" ind1=" " ind2=" "><subfield code="a">"An award-winning scholar exposes the foundational racism of the child welfare system and calls for radical change. Many believe the child welfare system protects children from abuse. But as Torn Apart uncovers, this system is designed to punish Black families. Drawing on decades of research, legal scholar and sociologist Dorothy Roberts reveals that the child welfare system is better understood as a 'family policing system' that collaborates with law enforcement and prisons to oppress Black communities. Child protection investigations ensnare a majority of Black children, putting their families under intense state surveillance and regulation. Black children are disproportionately likely to be torn from their families and placed in foster care, driving many to juvenile detention and imprisonment. The only way to stop the destruction caused by family policing, Torn Apart argues, is to abolish the child welfare system and liberate Black communities"--</subfield><subfield code="c">Provided by publisher.</subfield></datafield><datafield tag="541" ind1=" " ind2=" "><subfield code="c">Purchased from Edward Field Burr Memorial Fund. Gifts in memory of Edward Field Burr from family, friends, and Law School graduates, for library acquisitions</subfield></datafield><datafield tag="505" ind1="0" ind2=" "><subfield code="a">Introduction : A benevolent terror -- Destroying Black families -- "They separate children at the Harlem border, too" -- Professional kidnappers -- Rotten at the root -- Strong-armed -- The foster-industrial complex -- Family surveillance -- Carceral entaglements -- Structured to harm -- Criminalizing Black children -- Care in place of terror.</subfield></datafield><datafield tag="650" ind1=" " ind2="0"><subfield code="a">Child welfare</subfield><subfield code="x">Government policy</subfield><subfield code="z">United States.</subfield><subfield code="0">http://id.loc.gov/authorities/subjects/sh2009118930</subfield></datafield><datafield tag="650" ind1=" " ind2="0"><subfield code="a">African American families</subfield><subfield code="x">Government policy.</subfield><subfield code="0">http://id.loc.gov/authorities/subjects/sh85001843</subfield></datafield><datafield tag="650" ind1=" " ind2="0"><subfield code="a">African American families</subfield><subfield code="x">Social conditions.</subfield><subfield code="0">http://id.loc.gov/authorities/subjects/sh85001843</subfield></datafield><datafield tag="650" ind1=" " ind2="0"><subfield code="a">Racism in social services</subfield><subfield code="z">United States.</subfield><subfield code="0">http://id.loc.gov/authorities/subjects/sh99000583</subfield></datafield><datafield tag="650" ind1=" " ind2="0"><subfield code="a">Social work with African American children.</subfield><subfield code="0">http://id.loc.gov/authorities/subjects/sh91000188</subfield></datafield><datafield tag="796" ind1="1" ind2="3"><subfield code="a">Burr, Edward Field,</subfield><subfield code="e">honoree</subfield></datafield><datafield tag="797" ind1="2" ind2=" "><subfield code="a">Edward Field Burr Memorial Fund</subfield></datafield><datafield tag="907" ind1=" " ind2=" "><subfield code="a">.b17755748</subfield><subfield code="b">11-10-22</subfield><subfield code="c">02-02-22</subfield></datafield><datafield tag="987" ind1=" " ind2=" "><subfield code="a">YBP Shelf ready processing</subfield></datafield><datafield tag="987" ind1=" " ind2=" "><subfield code="a">Updated by plateburr loader</subfield></datafield><datafield tag="998" ind1=" " ind2=" "><subfield code="a">law</subfield><subfield code="b">04-25-22</subfield><subfield code="c">o</subfield><subfield code="d">b  </subfield><subfield code="e">-</subfield><subfield code="f">eng</subfield><subfield code="g">nyu</subfield><subfield code="h">0</subfield></datafield></record>