<record><leader>01254cam a2200361 a 4500</leader><controlfield tag="001">991009836579708651</controlfield><controlfield tag="005">20250710053437.0</controlfield><controlfield tag="008">000120s1999    is a     b    000 0 eng d</controlfield><datafield tag="010" ind1=" " ind2=" "><subfield code="a">00311586</subfield></datafield><datafield tag="035" ind1=" " ind2=" "><subfield code="a">(CtY-L)b5455947</subfield></datafield><datafield tag="035" ind1=" " ind2=" "><subfield code="a">1ocm83828942</subfield><subfield code="9">ExL</subfield></datafield><datafield tag="040" ind1=" " ind2=" "><subfield code="a">DLC</subfield><subfield code="c">DLC</subfield><subfield code="d">DLC</subfield><subfield code="d">UPB</subfield><subfield code="d">CtYL</subfield><subfield code="d">UtOrBLW</subfield></datafield><datafield tag="041" ind1="1" ind2=" "><subfield code="a">eng</subfield><subfield code="h">heb</subfield></datafield><datafield tag="043" ind1=" " ind2=" "><subfield code="a">a-is---</subfield><subfield code="a">awba---</subfield><subfield code="a">awgz---</subfield></datafield><datafield tag="050" ind1="0" ind2="0"><subfield code="a">DS113.7</subfield><subfield code="b">.K32513 1999</subfield></datafield><datafield tag="079" ind1=" " ind2=" "><subfield code="a">43970389</subfield></datafield><datafield tag="090" ind1=" " ind2=" "><subfield code="a">DS113.7</subfield><subfield code="b">.K32513 1999</subfield></datafield><datafield tag="100" ind1="1" ind2=" "><subfield code="a">Kadman, Noga.</subfield><subfield code="0">http://id.loc.gov/authorities/names/n96073033</subfield><subfield code="1">http://viaf.org/viaf/36183371</subfield></datafield><datafield tag="240" ind1="1" ind2="0"><subfield code="a">Mishpaḥot shesu`ot.</subfield><subfield code="l">English</subfield></datafield><datafield tag="245" ind1="1" ind2="0"><subfield code="a">Families torn apart :</subfield><subfield code="b">separation of Palestinian families in the occupied territories.</subfield></datafield><datafield tag="260" ind1=" " ind2=" "><subfield code="a">Jerusalem :</subfield><subfield code="b">[B'Tselem],</subfield><subfield code="c">[1999]</subfield></datafield><datafield tag="300" ind1=" " ind2=" "><subfield code="a">164 pages :</subfield><subfield code="b">illustrations ;</subfield><subfield code="c">23 cm</subfield></datafield><datafield tag="336" ind1=" " ind2=" "><subfield code="a">text</subfield><subfield code="b">txt</subfield><subfield code="2">rdacontent</subfield></datafield><datafield tag="337" ind1=" " ind2=" "><subfield code="a">unmediated</subfield><subfield code="b">n</subfield><subfield code="2">rdamedia</subfield></datafield><datafield tag="338" ind1=" " ind2=" "><subfield code="a">volume</subfield><subfield code="b">nc</subfield><subfield code="2">rdacarrier</subfield></datafield><datafield tag="504" ind1=" " ind2=" "><subfield code="a">Includes bibliographical references.</subfield></datafield><datafield tag="650" ind1=" " ind2="0"><subfield code="a">Palestinian Arabs</subfield><subfield code="x">Civil rights</subfield><subfield code="z">West Bank.</subfield><subfield code="0">http://id.loc.gov/authorities/subjects/sh2010104963</subfield></datafield><datafield tag="650" ind1=" " ind2="0"><subfield code="a">Palestinian Arabs</subfield><subfield code="x">Civil rights</subfield><subfield code="z">Gaza Strip.</subfield><subfield code="0">http://id.loc.gov/authorities/subjects/sh2010104964</subfield></datafield><datafield tag="651" ind1=" " ind2="0"><subfield code="a">Israel</subfield><subfield code="x">Emigration and immigration</subfield><subfield code="x">Government policy.</subfield></datafield><datafield tag="907" ind1=" " ind2=" "><subfield code="a">.b5455947</subfield><subfield code="b">07-12-22</subfield><subfield code="c">11-14-01</subfield></datafield><datafield tag="987" ind1=" " ind2=" "><subfield code="a">ms</subfield></datafield><datafield tag="987" ind1=" " ind2=" "><subfield code="a">BSLW processing 2016</subfield></datafield><datafield tag="998" ind1=" " ind2=" "><subfield code="a">lawsf</subfield><subfield code="b">11-14-01</subfield><subfield code="c">o</subfield><subfield code="d">b  </subfield><subfield code="e">t</subfield><subfield code="f">eng</subfield><subfield code="g">is </subfield><subfield code="h">0</subfield></datafield></record>