<record><leader>01906nam a22003731i 4500</leader><controlfield tag="001">991010377467908651</controlfield><controlfield tag="005">20241226110046.0</controlfield><controlfield tag="006">m|||||o||d||||||||</controlfield><controlfield tag="007">cr |||||||||||</controlfield><controlfield tag="008">201109s2021    enka   fob    001 0 eng d</controlfield><datafield tag="020" ind1=" " ind2=" "><subfield code="a">9781529754698</subfield></datafield><datafield tag="020" ind1=" " ind2=" "><subfield code="a">1529754690</subfield></datafield><datafield tag="035" ind1=" " ind2=" "><subfield code="a">(CKB)5450000000019731</subfield></datafield><datafield tag="035" ind1=" " ind2=" "><subfield code="a">(OCoLC)1221016543</subfield></datafield><datafield tag="035" ind1=" " ind2=" "><subfield code="a">(CaToSAGE)SAGE000010922</subfield></datafield><datafield tag="035" ind1=" " ind2=" "><subfield code="a">276564</subfield></datafield><datafield tag="035" ind1=" " ind2=" "><subfield code="a">(EXLCZ)995450000000019731</subfield></datafield><datafield tag="040" ind1=" " ind2=" "><subfield code="a">CaToSAGE</subfield><subfield code="b">eng</subfield><subfield code="c">CaToSAGE</subfield><subfield code="e">rda</subfield><subfield code="e">pn</subfield><subfield code="d">UtOrBLW</subfield></datafield><datafield tag="050" ind1=" " ind2="4"><subfield code="a">HD62.25</subfield><subfield code="b">.S26 2021</subfield></datafield><datafield tag="082" ind1="0" ind2="4"><subfield code="a">658.04</subfield></datafield><datafield tag="100" ind1="1" ind2=" "><subfield code="a">Santiago, Andrea L.,</subfield><subfield code="e">author.</subfield></datafield><datafield tag="245" ind1="1" ind2="0"><subfield code="a">Yanson group of bus companies :</subfield><subfield code="b">a family business torn apart /</subfield><subfield code="c">Andrea L. Santiago.</subfield></datafield><datafield tag="246" ind1=" " ind2=" "><subfield code="a">Yanson Group of Bus Companies</subfield></datafield><datafield tag="264" ind1=" " ind2="1"><subfield code="a">London :</subfield><subfield code="b">SAGE Publications: SAGE Business Cases Originals,</subfield><subfield code="c">2021.</subfield></datafield><datafield tag="300" ind1=" " ind2=" "><subfield code="a">1 online resource :</subfield><subfield code="b">illustrations.</subfield></datafield><datafield tag="336" ind1=" " ind2=" "><subfield code="a">text</subfield><subfield code="b">txt</subfield><subfield code="2">rdacontent</subfield></datafield><datafield tag="337" ind1=" " ind2=" "><subfield code="a">computer</subfield><subfield code="b">c</subfield><subfield code="2">rdamedia</subfield></datafield><datafield tag="338" ind1=" " ind2=" "><subfield code="a">online resource</subfield><subfield code="b">cr</subfield><subfield code="2">rdacarrier</subfield></datafield><datafield tag="490" ind1="1" ind2=" "><subfield code="a">SAGE Business Cases</subfield></datafield><datafield tag="504" ind1=" " ind2=" "><subfield code="a">Includes bibliographical references and index.</subfield></datafield><datafield tag="520" ind1="8" ind2=" "><subfield code="a">The Yanson family business is an 18,000-workforce bus company servicing 700,000 passengers daily in the southern parts of the Philippines. The family members expected that the family constitution and the shareholders agreement, both signed and executed while the founder was still alive, would shield them from lawsuits against one another. Yet, three years after his death, multiple lawsuits and counter lawsuits were filed by the matriarch, the anointed president, and one sister against the four siblings. At the crux of the matter was determining who held the legitimate set of board directors and corporate officers who would lead the company.</subfield></datafield><datafield tag="588" ind1=" " ind2=" "><subfield code="a">Description based on XML content.</subfield></datafield><datafield tag="650" ind1=" " ind2="0"><subfield code="a">Family-owned business enterprises</subfield><subfield code="x">Management</subfield><subfield code="v">Case studies.</subfield></datafield><datafield tag="830" ind1=" " ind2="0"><subfield code="a">SAGE Business Cases.</subfield></datafield><datafield tag="906" ind1=" " ind2=" "><subfield code="a">BOOK</subfield></datafield></record>