<record><leader>01009cam a22002773a 4500</leader><controlfield tag="001">991010386025908651</controlfield><controlfield tag="005">20130206153649.0</controlfield><controlfield tag="006">m|||||o||d||||||||</controlfield><controlfield tag="007">cr||n ---||a|a</controlfield><controlfield tag="008">010202s1997    ii      o     000|0 eng d</controlfield><datafield tag="035" ind1=" " ind2=" "><subfield code="a">(UK-CbPIL)2062710</subfield></datafield><datafield tag="035" ind1=" " ind2=" "><subfield code="a">(CKB)4940000000162077</subfield></datafield><datafield tag="035" ind1=" " ind2=" "><subfield code="a">(OCoLC)829688295</subfield></datafield><datafield tag="035" ind1=" " ind2=" "><subfield code="a">(VaAlASP)ASP1003576295/sali</subfield></datafield><datafield tag="035" ind1=" " ind2=" "><subfield code="a">(EXLCZ)994940000000162077</subfield></datafield><datafield tag="040" ind1=" " ind2=" "><subfield code="a">VaAlASP</subfield><subfield code="c">VaAlASP</subfield></datafield><datafield tag="055" ind1=" " ind2="4"><subfield code="a">PR9499.3.B35</subfield><subfield code="b">T67 1997</subfield></datafield><datafield tag="100" ind1="1" ind2=" "><subfield code="a">Basu, Romen.</subfield></datafield><datafield tag="245" ind1="1" ind2="0"><subfield code="a">Torn apart</subfield><subfield code="h">[electronic resource] :</subfield><subfield code="b">a novel /</subfield><subfield code="c">Romen Basu.</subfield></datafield><datafield tag="260" ind1=" " ind2=" "><subfield code="a">New Delhi :</subfield><subfield code="b">Sterling,</subfield><subfield code="c">c1997.</subfield></datafield><datafield tag="300" ind1=" " ind2=" "><subfield code="a">1 online resource (193 p.).</subfield></datafield><datafield tag="490" ind1="0" ind2=" "><subfield code="a">South and Southeast Asian literature</subfield></datafield><datafield tag="650" ind1=" " ind2="0"><subfield code="a">Fiction.</subfield></datafield><datafield tag="650" ind1=" " ind2="0"><subfield code="a">Electronic books.</subfield></datafield><datafield tag="906" ind1=" " ind2=" "><subfield code="a">BOOK</subfield></datafield></record>