<record><leader>01396nam  2200361Ia 4500</leader><controlfield tag="001">991010397002008651</controlfield><controlfield tag="005">20200520144314.0</controlfield><controlfield tag="006">m     o  d |      </controlfield><controlfield tag="007">cr||||||||nn|n</controlfield><controlfield tag="008">120510s2012    gau     ob    001 0 eng d</controlfield><datafield tag="020" ind1=" " ind2=" "><subfield code="a">9781283733335</subfield></datafield><datafield tag="020" ind1=" " ind2=" "><subfield code="a">1283733331</subfield></datafield><datafield tag="020" ind1=" " ind2=" "><subfield code="a">9780820344928</subfield></datafield><datafield tag="020" ind1=" " ind2=" "><subfield code="a">0820344923</subfield></datafield><datafield tag="024" ind1="7" ind2=" "><subfield code="a">heb40249</subfield><subfield code="2">hdl</subfield></datafield><datafield tag="035" ind1=" " ind2=" "><subfield code="a">(CKB)2670000000276454</subfield></datafield><datafield tag="035" ind1=" " ind2=" "><subfield code="a">(EBL)1222485</subfield></datafield><datafield tag="035" ind1=" " ind2=" "><subfield code="a">(SSID)ssj0000759211</subfield></datafield><datafield tag="035" ind1=" " ind2=" "><subfield code="a">(PQKBManifestationID)11435019</subfield></datafield><datafield tag="035" ind1=" " ind2=" "><subfield code="a">(PQKBTitleCode)TC0000759211</subfield></datafield><datafield tag="035" ind1=" " ind2=" "><subfield code="a">(PQKBWorkID)10781728</subfield></datafield><datafield tag="035" ind1=" " ind2=" "><subfield code="a">(PQKB)10750885</subfield></datafield><datafield tag="035" ind1=" " ind2=" "><subfield code="a">(OCoLC)816042082</subfield></datafield><datafield tag="035" ind1=" " ind2=" "><subfield code="a">(MdBmJHUP)muse18971</subfield></datafield><datafield tag="035" ind1=" " ind2=" "><subfield code="a">(Au-PeEL)EBL1222485</subfield></datafield><datafield tag="035" ind1=" " ind2=" "><subfield code="a">(CaPaEBR)ebr10621793</subfield></datafield><datafield tag="035" ind1=" " ind2=" "><subfield code="a">(CaONFJC)MIL404583</subfield></datafield><datafield tag="035" ind1=" " ind2=" "><subfield code="a">(OCoLC)854973888</subfield></datafield><datafield tag="035" ind1=" " ind2=" "><subfield code="a">(dli)heb40249.0001.001</subfield></datafield><datafield tag="035" ind1=" " ind2=" "><subfield code="a">(MiU)MIU402490001001</subfield></datafield><datafield tag="035" ind1=" " ind2=" "><subfield code="a">(Perlego)839682</subfield></datafield><datafield tag="035" ind1=" " ind2=" "><subfield code="a">(MiAaPQ)EBC1222485</subfield></datafield><datafield tag="035" ind1=" " ind2=" "><subfield code="a">(EXLCZ)992670000000276454</subfield></datafield><datafield tag="040" ind1=" " ind2=" "><subfield code="a">MiAaPQ</subfield><subfield code="b">eng</subfield><subfield code="e">rda</subfield><subfield code="e">pn</subfield><subfield code="c">MiAaPQ</subfield><subfield code="d">MiAaPQ</subfield></datafield><datafield tag="041" ind1=" " ind2=" "><subfield code="a">eng</subfield></datafield><datafield tag="050" ind1=" " ind2="4"><subfield code="a">JV6038</subfield><subfield code="b">.B49 2012</subfield></datafield><datafield tag="082" ind1="0" ind2=" "><subfield code="a">365</subfield><subfield code="2">23</subfield></datafield><datafield tag="245" ind1="0" ind2="0"><subfield code="a">Beyond walls and cages :</subfield><subfield code="b">prisons, borders, and global crisis /</subfield><subfield code="c">edited by Jenna M. Loyd, Matt Mitchelson, Andrew Burridge.</subfield></datafield><datafield tag="250" ind1=" " ind2=" "><subfield code="a">1st ed.</subfield></datafield><datafield tag="260" ind1=" " ind2=" "><subfield code="a">Athens :</subfield><subfield code="b">University of Georgia Press,</subfield><subfield code="c">c2012.</subfield></datafield><datafield tag="300" ind1=" " ind2=" "><subfield code="a">1 online resource (389 pages)</subfield></datafield><datafield tag="336" ind1=" " ind2=" "><subfield code="a">text</subfield><subfield code="b">txt</subfield><subfield code="2">rdacontent</subfield></datafield><datafield tag="337" ind1=" " ind2=" "><subfield code="a">computer</subfield><subfield code="b">c</subfield><subfield code="2">rdamedia</subfield></datafield><datafield tag="338" ind1=" " ind2=" "><subfield code="a">online resource</subfield><subfield code="b">cr</subfield><subfield code="2">rdacarrier</subfield></datafield><datafield tag="440" ind1=" " ind2="0"><subfield code="a">Geographies of justice and social transformation ;</subfield><subfield code="v">14</subfield></datafield><datafield tag="490" ind1="1" ind2=" "><subfield code="a">Geographies of justice and social transformation ;</subfield><subfield code="v">14</subfield></datafield><datafield tag="500" ind1=" " ind2=" "><subfield code="a">Description based upon print version of record.</subfield></datafield><datafield tag="505" ind1="0" ind2="0"><subfield code="g">Introduction.</subfield><subfield code="t">Borders, prisons, and abolitionist visions /</subfield><subfield code="r">Jenna M. Loyd, Matt Mitchelson and Andrew Burridge /</subfield><subfield code="t">Policing mobility : maintaining global apartheid from South Africa to the United States /</subfield><subfield code="r">Joseph Nevins --</subfield><subfield code="t">Understanding conquest through a border lens : a comparative analysis of the Mexico-U.S. and Morocco-Spain regions /</subfield><subfield code="r">Cynthia Bejarano, Maria Cristina Morales and Said Saddiki --</subfield><subfield code="t">Race, capitalist crisis, and abolitionist organizing : an interview with Ruth Wilson Gilmore, February 2010 /</subfield><subfield code="r">Jenna Loyd and Ruth Wilson Gilmore --</subfield><subfield code="t">The Texas-Mexico border wall and Ndé memory : confronting genocide and state criminality, beyond the guise of "impunity" /</subfield><subfield code="r">Margo Tamez --</subfield><subfield code="t">Prisoners of passage : immigration detention in Canada /</subfield><subfield code="r">Harsha Walia and Proma Tagore --</subfield><subfield code="t">Mapping remote detention : dis/location through isolation /</subfield><subfield code="r">Alison Mountz --</subfield><subfield code="t">Migration policy and the criminalization of protest /</subfield><subfield code="r">Olga Aksyutina --</subfield><subfield code="t">William Bratton in the other L.A. /</subfield><subfield code="r">Micol Seigel --</subfield><subfield code="t">Building prisons, building poverty : prison sitings, dispossession, and mass incarceration /</subfield><subfield code="r">Anne Bonds --</subfield><subfield code="t">Business of detention /</subfield><subfield code="r">Renee Feltz and Stokely Baksh --</subfield><subfield code="t">Torn apart : struggling to stay together after deportation /</subfield><subfield code="r">Seth Freed Wessler and Julianne Hing --</subfield><subfield code="t">Creating spaces for change : an interview with Amy Gottlieb, November 2009 /</subfield><subfield code="r">Jenna Loyd and Amy Gottlieb --</subfield><subfield code="t">Bajo la misma luna (Under the same moon) /</subfield><subfield code="r">Elizabeth Vargas --</subfield><subfield code="t">Policing our border, policing our nation : an examination of the ideological connections between border vigilantism and U.S. national ideology /</subfield><subfield code="r">Jodie M. Lawston and Ruben R. Murillo --</subfield><subfield code="t">Resisting the security-industrial complex : operation streamline and the militarization of the Arizona-Mexico borderlands /</subfield><subfield code="r">Borderlands Autonomist Collective --</subfield><subfield code="t">Detention and access to justice : a Florence project case study /</subfield><subfield code="r">Christopher Stenken --</subfield><subfield code="t">Community, identity, and political struggle : challenging immigrant prisons in Arizona /</subfield><subfield code="r">Zoe Hammer --</subfield><subfield code="t">"Live, love, and work" : an interview with Luis Fernandez, August 2010 /</subfield><subfield code="r">Jenn Loyd and Luis Fernandez --</subfield><subfield code="t">A politics for our time? Organizing against jails /</subfield><subfield code="r">Joshua M. Price --</subfield><subfield code="t">"A prison is not a home" : notes from the campaign to end immigrant family detention /</subfield><subfield code="r">Bob Libal, Lauren Martin and Nicole Porter --</subfield><subfield code="t">Fighting for the vote : the struggle against felon and immigrant disenfranchisement /</subfield><subfield code="r">Minoca W. Varsanyi --</subfield><subfield code="t">¡La policía, la migra, la misma porquería! : popular resistance to state violence /</subfield><subfield code="r">Mariana Viturro --</subfield><subfield code="t">Mapping Black bodies for disease: prisons, migration, and the politics of HIV/AIDS /</subfield><subfield code="r">Rashad Shabazz /</subfield><subfield code="t">The war on drugs is a war on relationships : crossing the borders of fear, silence, and HIV vulnerability in the prison-created diaspora /</subfield><subfield code="r">Laura McTighe --</subfield><subfield code="t">Immigrant justice from a trans perspective : an interview with Gael Guevara, May 2009 /</subfield><subfield code="r">Jenna Loyd and Gael Guevara --</subfield><subfield code="t">Descado en Los Angeles : cycles of invisible resistance /</subfield><subfield code="r">Irina Contreras --</subfield><subfield code="t">Winning the fight of our lives /</subfield><subfield code="r">Subhash Kateel.</subfield></datafield><datafield tag="520" ind1=" " ind2=" "><subfield code="a">The crisis of borders and prisons can be seen starkly in statistics. In 2011 some 1,500 migrants died trying to enter Europe, and the United States deported nearly 400,000 and imprisoned some 2.3 million people--more than at any other time in history. International borders are increasingly militarized places embedded within domestic policing and imprisonment and entwined with expanding prison-industrial complexes. Beyond Walls and Cages offers scholarly and activist perspectives on these issues and explores how the international community can move toward a more humane future.</subfield></datafield><datafield tag="546" ind1=" " ind2=" "><subfield code="a">English</subfield></datafield><datafield tag="542" ind1=" " ind2=" "><subfield code="n">All rights reserved.</subfield></datafield><datafield tag="504" ind1=" " ind2=" "><subfield code="a">Includes bibliographical references and index.</subfield></datafield><datafield tag="650" ind1=" " ind2="0"><subfield code="a">Noncitizens.</subfield></datafield><datafield tag="650" ind1=" " ind2="0"><subfield code="a">Detention of persons.</subfield></datafield><datafield tag="650" ind1=" " ind2="0"><subfield code="a">Imprisonment.</subfield></datafield><datafield tag="650" ind1=" " ind2="0"><subfield code="a">Border security</subfield><subfield code="x">Government policy.</subfield></datafield><datafield tag="650" ind1=" " ind2="0"><subfield code="a">Emigration and immigration</subfield><subfield code="x">Government policy.</subfield></datafield><datafield tag="650" ind1=" " ind2="0"><subfield code="a">Illegal immigration.</subfield></datafield><datafield tag="700" ind1="1" ind2=" "><subfield code="a">Loyd, Jenna M.,</subfield><subfield code="d">1973-</subfield></datafield><datafield tag="700" ind1="1" ind2=" "><subfield code="a">Mitchelson, Matt,</subfield><subfield code="d">1978-</subfield></datafield><datafield tag="700" ind1="1" ind2=" "><subfield code="a">Burridge, Andrew,</subfield><subfield code="d">1981-</subfield></datafield><datafield tag="776" ind1="0" ind2="8"><subfield code="z">9780820344126</subfield></datafield><datafield tag="776" ind1="0" ind2="8"><subfield code="z">0820344125</subfield></datafield><datafield tag="776" ind1="0" ind2="8"><subfield code="z">9780820344119</subfield></datafield><datafield tag="776" ind1="0" ind2="8"><subfield code="z">0820344117</subfield></datafield><datafield tag="830" ind1=" " ind2="0"><subfield code="a">Geographies of Justice and Social Transformation</subfield></datafield><datafield tag="906" ind1=" " ind2=" "><subfield code="a">BOOK</subfield></datafield><datafield tag="999" ind1=" " ind2=" "><subfield code="p">$48.97</subfield><subfield code="u">07/24/2015</subfield><subfield code="5">Poli</subfield></datafield></record>