<record><leader>03862nam  2200745 i 4500</leader><controlfield tag="001">991010457574508651</controlfield><controlfield tag="005">20250626131520.0</controlfield><controlfield tag="006">m     o  d |      </controlfield><controlfield tag="007">cr#|nu---|u||u</controlfield><controlfield tag="008">150411t20152015cau     ob    001 0 eng d</controlfield><datafield tag="020" ind1=" " ind2=" "><subfield code="a">9780520283060</subfield></datafield><datafield tag="020" ind1=" " ind2=" "><subfield code="a">0520283066</subfield></datafield><datafield tag="020" ind1=" " ind2=" "><subfield code="a">9780520958890</subfield></datafield><datafield tag="020" ind1=" " ind2=" "><subfield code="a">0520958896</subfield></datafield><datafield tag="024" ind1="7" ind2=" "><subfield code="a">10.1525/9780520958890</subfield><subfield code="2">doi</subfield></datafield><datafield tag="035" ind1=" " ind2=" "><subfield code="a">(CKB)2670000000606641</subfield></datafield><datafield tag="035" ind1=" " ind2=" "><subfield code="a">(EBL)1882101</subfield></datafield><datafield tag="035" ind1=" " ind2=" "><subfield code="a">(SSID)ssj0001458516</subfield></datafield><datafield tag="035" ind1=" " ind2=" "><subfield code="a">(PQKBManifestationID)12640847</subfield></datafield><datafield tag="035" ind1=" " ind2=" "><subfield code="a">(PQKBTitleCode)TC0001458516</subfield></datafield><datafield tag="035" ind1=" " ind2=" "><subfield code="a">(PQKBWorkID)11451688</subfield></datafield><datafield tag="035" ind1=" " ind2=" "><subfield code="a">(PQKB)11585874</subfield></datafield><datafield tag="035" ind1=" " ind2=" "><subfield code="a">(StDuBDS)EDZ0001280496</subfield></datafield><datafield tag="035" ind1=" " ind2=" "><subfield code="a">(MiAaPQ)EBC1882101</subfield></datafield><datafield tag="035" ind1=" " ind2=" "><subfield code="a">(OCoLC)905854693</subfield></datafield><datafield tag="035" ind1=" " ind2=" "><subfield code="a">(MdBmJHUP)muse47173</subfield></datafield><datafield tag="035" ind1=" " ind2=" "><subfield code="a">(DE-B1597)519835</subfield></datafield><datafield tag="035" ind1=" " ind2=" "><subfield code="a">(DE-B1597)9780520958890</subfield></datafield><datafield tag="035" ind1=" " ind2=" "><subfield code="a">(Au-PeEL)EBL1882101</subfield></datafield><datafield tag="035" ind1=" " ind2=" "><subfield code="a">(CaPaEBR)ebr11036434</subfield></datafield><datafield tag="035" ind1=" " ind2=" "><subfield code="a">(CaONFJC)MIL759397</subfield></datafield><datafield tag="035" ind1=" " ind2=" "><subfield code="a">(OCoLC)908048004</subfield></datafield><datafield tag="035" ind1=" " ind2=" "><subfield code="a">(Perlego)552165</subfield></datafield><datafield tag="035" ind1=" " ind2=" "><subfield code="a">(EXLCZ)992670000000606641</subfield></datafield><datafield tag="040" ind1=" " ind2=" "><subfield code="a">MiAaPQ</subfield><subfield code="b">eng</subfield><subfield code="e">rda</subfield><subfield code="e">pn</subfield><subfield code="c">MiAaPQ</subfield><subfield code="d">MiAaPQ</subfield></datafield><datafield tag="041" ind1=" " ind2=" "><subfield code="a">eng</subfield></datafield><datafield tag="043" ind1=" " ind2=" "><subfield code="a">n-us---</subfield></datafield><datafield tag="044" ind1=" " ind2=" "><subfield code="a">cau</subfield><subfield code="c">US-CA</subfield></datafield><datafield tag="050" ind1=" " ind2="4"><subfield code="a">JV6600</subfield><subfield code="b">.Z38 2015</subfield></datafield><datafield tag="072" ind1=" " ind2="7"><subfield code="a">SOC044000</subfield><subfield code="2">bisacsh</subfield></datafield><datafield tag="082" ind1="0" ind2=" "><subfield code="a">325.73</subfield><subfield code="2">23</subfield></datafield><datafield tag="100" ind1="1" ind2=" "><subfield code="a">Zatz, Marjorie Sue,</subfield><subfield code="d">1955-</subfield><subfield code="e">author.</subfield></datafield><datafield tag="245" ind1="1" ind2="0"><subfield code="a">Dreams and nightmares :</subfield><subfield code="b">immigration policy, youth, and families /</subfield><subfield code="c">Marjorie S. Zatz and Nancy Rodriguez.</subfield></datafield><datafield tag="250" ind1=" " ind2=" "><subfield code="a">First edition.</subfield></datafield><datafield tag="264" ind1=" " ind2="1"><subfield code="a">Oakland, California :</subfield><subfield code="b">University of California Press,</subfield><subfield code="c">2015.</subfield></datafield><datafield tag="264" ind1=" " ind2="4"><subfield code="c">©2015</subfield></datafield><datafield tag="300" ind1=" " ind2=" "><subfield code="a">1 online resource (213 p.)</subfield></datafield><datafield tag="336" ind1=" " ind2=" "><subfield code="a">text</subfield><subfield code="b">txt</subfield></datafield><datafield tag="337" ind1=" " ind2=" "><subfield code="a">computer</subfield><subfield code="b">c</subfield></datafield><datafield tag="338" ind1=" " ind2=" "><subfield code="a">online resource</subfield><subfield code="b">cr</subfield></datafield><datafield tag="500" ind1=" " ind2=" "><subfield code="a">Description based upon print version of record.</subfield></datafield><datafield tag="546" ind1=" " ind2=" "><subfield code="a">English</subfield></datafield><datafield tag="505" ind1="0" ind2="0"><subfield code="t">Front matter --</subfield><subfield code="t">CONTENTS --</subfield><subfield code="t">ACKNOWLEDGMENTS --</subfield><subfield code="t">CHAPTER 1. Introduction and Historical Context --</subfield><subfield code="t">CHAPTER 2. Prosecutorial Discretion: A Mechanism for Balancing Competing Goals --</subfield><subfield code="t">CHAPTER 3. Legislative Inaction and Executive Action Mixed Status Families, the Dreamer Movement, and DACA --</subfield><subfield code="t">CHAPTER 4. Families Torn Apart: Parental Detention and Deportation --</subfield><subfield code="t">CHAPTER 5. No Good Options: Unaccompanied Minors in the US Immigration System --</subfield><subfield code="t">CHAPTER 6. Conclusions and Recommendations --</subfield><subfield code="t">NOTES --</subfield><subfield code="t">REFERENCES --</subfield><subfield code="t">INDEX</subfield></datafield><datafield tag="520" ind1=" " ind2=" "><subfield code="a">Dreams and Nightmares takes a critical look at the challenges and dilemmas of immigration policy and practice in the absence of comprehensive immigration reform. The experiences of children and youth provide a prism through which the interwoven dynamics and consequences of immigration policy become apparent. Using a unique sociolegal perspective, authors Zatz and Rodriguez examine the mechanisms by which immigration policies and practices mitigate or exacerbate harm to vulnerable youth. They pay particular attention to prosecutorial discretion, assessing its potential and limitations for resolving issues involving parental detention and deportation, unaccompanied minors, and Dreamers who came to the United States as young children. The book demonstrates how these policies and practices offer a means of prioritizing immigration enforcement in ways that alleviate harm to children, and why they remain controversial and vulnerable to political challenges.</subfield></datafield><datafield tag="504" ind1=" " ind2=" "><subfield code="a">Includes bibliographical references and index.</subfield></datafield><datafield tag="588" ind1=" " ind2=" "><subfield code="a">Description based on print version record.</subfield></datafield><datafield tag="650" ind1=" " ind2="0"><subfield code="a">Immigrant youth</subfield><subfield code="z">United States</subfield><subfield code="x">Social conditions.</subfield></datafield><datafield tag="650" ind1=" " ind2="0"><subfield code="a">Unaccompanied immigrant children</subfield><subfield code="z">United States</subfield><subfield code="x">Social conditions.</subfield></datafield><datafield tag="650" ind1=" " ind2="0"><subfield code="a">Emigration and immigration law</subfield><subfield code="z">United States.</subfield></datafield><datafield tag="650" ind1=" " ind2="0"><subfield code="a">Immigrant families</subfield><subfield code="x">Law and legislation</subfield><subfield code="z">United States.</subfield></datafield><datafield tag="700" ind1="1" ind2=" "><subfield code="a">Rodriguez, Nancy,</subfield><subfield code="e">author.</subfield></datafield><datafield tag="776" ind1="0" ind2=" "><subfield code="z">9780520283053</subfield></datafield><datafield tag="776" ind1="0" ind2=" "><subfield code="z">0520283058</subfield></datafield><datafield tag="776" ind1="0" ind2=" "><subfield code="z">9781336281110</subfield></datafield><datafield tag="776" ind1="0" ind2=" "><subfield code="z">1336281111</subfield></datafield><datafield tag="906" ind1=" " ind2=" "><subfield code="a">BOOK</subfield></datafield></record>