<record><leader>01061nam  2200289 a 4500</leader><controlfield tag="001">991010459814508651</controlfield><controlfield tag="005">20200520144314.0</controlfield><controlfield tag="006">m     o  d |      </controlfield><controlfield tag="007">cr -n---------</controlfield><controlfield tag="008">120905s2010    enkb    ob    001 0 eng d</controlfield><datafield tag="020" ind1=" " ind2=" "><subfield code="a">9781912234288</subfield></datafield><datafield tag="020" ind1=" " ind2=" "><subfield code="a">1912234289</subfield></datafield><datafield tag="035" ind1=" " ind2=" "><subfield code="a">(CKB)2670000000240994</subfield></datafield><datafield tag="035" ind1=" " ind2=" "><subfield code="a">(EBL)3111155</subfield></datafield><datafield tag="035" ind1=" " ind2=" "><subfield code="a">(MiAaPQ)EBC3111155</subfield></datafield><datafield tag="035" ind1=" " ind2=" "><subfield code="a">(Au-PeEL)EBL3111155</subfield></datafield><datafield tag="035" ind1=" " ind2=" "><subfield code="a">(CaPaEBR)ebr10594038</subfield></datafield><datafield tag="035" ind1=" " ind2=" "><subfield code="a">(OCoLC)811407971</subfield></datafield><datafield tag="035" ind1=" " ind2=" "><subfield code="a">(Perlego)1304401</subfield></datafield><datafield tag="035" ind1=" " ind2=" "><subfield code="a">(EXLCZ)992670000000240994</subfield></datafield><datafield tag="040" ind1=" " ind2=" "><subfield code="a">MiAaPQ</subfield><subfield code="b">eng</subfield><subfield code="e">rda</subfield><subfield code="e">pn</subfield><subfield code="c">MiAaPQ</subfield><subfield code="d">MiAaPQ</subfield></datafield><datafield tag="043" ind1=" " ind2=" "><subfield code="a">f-nr---</subfield></datafield><datafield tag="050" ind1=" " ind2="4"><subfield code="a">DT515.836</subfield><subfield code="b">.U36 2010</subfield></datafield><datafield tag="082" ind1="0" ind2="0"><subfield code="a">966.9052</subfield></datafield><datafield tag="100" ind1="1" ind2=" "><subfield code="a">Ugochukwu, Francoise.</subfield></datafield><datafield tag="245" ind1="1" ind2="0"><subfield code="a">Torn apart :</subfield><subfield code="b">the Nigerian civil war and its impact /</subfield><subfield code="c">Francoise Ugochukwu.</subfield></datafield><datafield tag="250" ind1=" " ind2=" "><subfield code="a">1st ed.</subfield></datafield><datafield tag="260" ind1=" " ind2=" "><subfield code="a">London :</subfield><subfield code="b">Adonis &amp; Abbey Publishers Ltd.,</subfield><subfield code="c">2010.</subfield></datafield><datafield tag="300" ind1=" " ind2=" "><subfield code="a">1 online resource (167 p.)</subfield></datafield><datafield tag="336" ind1=" " ind2=" "><subfield code="a">text</subfield><subfield code="b">txt</subfield><subfield code="2">rdacontent</subfield></datafield><datafield tag="337" ind1=" " ind2=" "><subfield code="a">computer</subfield><subfield code="b">c</subfield><subfield code="2">rdamedia</subfield></datafield><datafield tag="338" ind1=" " ind2=" "><subfield code="a">online resource</subfield><subfield code="b">cr</subfield><subfield code="2">rdacarrier</subfield></datafield><datafield tag="500" ind1=" " ind2=" "><subfield code="a">Description based upon print version of record.</subfield></datafield><datafield tag="505" ind1="0" ind2=" "><subfield code="a">""Title Page""; ""Table of contents""; ""Chapter 1""; ""Chapter 2""; ""Chapter 3""; ""Chapter 4""; ""Chapter 5""; ""Chapter 6""; ""Chapter 7""; ""Epilogue""; ""Index""</subfield></datafield><datafield tag="504" ind1=" " ind2=" "><subfield code="a">Includes bibliographical references and index.</subfield></datafield><datafield tag="651" ind1=" " ind2="0"><subfield code="a">Nigeria</subfield><subfield code="x">History</subfield><subfield code="y">Civil War, 1967-1970.</subfield></datafield><datafield tag="776" ind1="0" ind2="8"><subfield code="z">9781906704766</subfield></datafield><datafield tag="776" ind1="0" ind2="8"><subfield code="z">1906704767</subfield></datafield><datafield tag="906" ind1=" " ind2=" "><subfield code="a">BOOK</subfield></datafield></record>