<record><leader>01313nam a22003373i 4500</leader><controlfield tag="001">991010461037908651</controlfield><controlfield tag="005">20230126222719.0</controlfield><controlfield tag="006">m     o  d |      </controlfield><controlfield tag="007">cr#cnu||||||||</controlfield><controlfield tag="008">220425s2022    nyu     ob    001 0 eng d</controlfield><datafield tag="020" ind1=" " ind2=" "><subfield code="a">1-5416-7545-2</subfield></datafield><datafield tag="035" ind1=" " ind2=" "><subfield code="a">(CKB)4900000001450640</subfield></datafield><datafield tag="035" ind1=" " ind2=" "><subfield code="a">(MiAaPQ)EBC6947158</subfield></datafield><datafield tag="035" ind1=" " ind2=" "><subfield code="a">(Au-PeEL)EBL6947158</subfield></datafield><datafield tag="035" ind1=" " ind2=" "><subfield code="a">(EXLCZ)994900000001450640</subfield></datafield><datafield tag="040" ind1=" " ind2=" "><subfield code="a">MiAaPQ</subfield><subfield code="b">eng</subfield><subfield code="e">rda</subfield><subfield code="e">pn</subfield><subfield code="c">MiAaPQ</subfield><subfield code="d">MiAaPQ</subfield><subfield code="d">AzTeS</subfield></datafield><datafield tag="050" ind1="0" ind2="0"><subfield code="a">HV741</subfield><subfield code="b">.R6225 2022</subfield></datafield><datafield tag="082" ind1="0" ind2="0"><subfield code="a">362.70973</subfield><subfield code="2">23/eng/20211202</subfield></datafield><datafield tag="100" ind1="1" ind2=" "><subfield code="a">Roberts, Dorothy E.,</subfield><subfield code="d">1956-</subfield><subfield code="e">author.</subfield></datafield><datafield tag="245" ind1="1" ind2="0"><subfield code="a">Torn apart :</subfield><subfield code="b">how the child welfare system destroys Black families, and how abolition can build a safer world /</subfield><subfield code="c">Dorothy Roberts.</subfield></datafield><datafield tag="264" ind1=" " ind2="1"><subfield code="a">New York :</subfield><subfield code="b">Basic Books,</subfield><subfield code="c">2022.</subfield></datafield><datafield tag="264" ind1=" " ind2="4"><subfield code="c">©2022.</subfield></datafield><datafield tag="300" ind1=" " ind2=" "><subfield code="a">1 online resource (359 pages)</subfield></datafield><datafield tag="336" ind1=" " ind2=" "><subfield code="a">text</subfield><subfield code="b">txt</subfield><subfield code="2">rdacontent</subfield></datafield><datafield tag="337" ind1=" " ind2=" "><subfield code="a">computer</subfield><subfield code="b">c</subfield><subfield code="2">rdamedia</subfield></datafield><datafield tag="338" ind1=" " ind2=" "><subfield code="a">online resource</subfield><subfield code="b">cr</subfield><subfield code="2">rdacarrier</subfield></datafield><datafield tag="504" ind1=" " ind2=" "><subfield code="a">Includes bibliographical references and index.</subfield></datafield><datafield tag="588" ind1=" " ind2=" "><subfield code="a">Description based on publisher supplied metadata and other sources.</subfield></datafield><datafield tag="520" ind1=" " ind2=" "><subfield code="a">"An award-winning scholar exposes the foundational racism of the child welfare system and calls for radical change Many believe the child welfare system protects children from abuse. But as Torn Apart uncovers, this system is designed to punish Black families. Drawing on decades of research, legal scholar and sociologist Dorothy Roberts reveals that the child welfare system is better understood as a "family policing system" that collaborates with law enforcement and prisons to oppress Black communities. Child protection investigations ensnare a majority of Black children, putting their families under intense state surveillance and regulation. Black children are disproportionately likely to be torn from their families and placed in foster care, driving many to juvenile detention and imprisonment. The only way to stop the destruction caused by family policing, Torn Apart argues, is to abolish the child welfare system and liberate Black communities"--</subfield><subfield code="c">Provided by publisher.</subfield></datafield><datafield tag="505" ind1="0" ind2=" "><subfield code="a">Introduction: A benevolent terror -- Black family destruction -- "They separate children at the Harlem border, too" -- Professional kidnappers -- Rotten at the root -- Strong-armed -- The foster industrial complex -- Family suerveillance -- Carceral entaglements -- Structured to harm -- The thin line -- Care in place of terror</subfield></datafield><datafield tag="650" ind1=" " ind2="0"><subfield code="a">Child welfare</subfield><subfield code="x">Government policy</subfield><subfield code="z">United States.</subfield></datafield><datafield tag="650" ind1=" " ind2="0"><subfield code="a">African American families</subfield><subfield code="x">Government policy.</subfield></datafield><datafield tag="650" ind1=" " ind2="0"><subfield code="a">African American families</subfield><subfield code="x">Social conditions.</subfield></datafield><datafield tag="650" ind1=" " ind2="0"><subfield code="a">Racism in social services</subfield><subfield code="z">United States.</subfield></datafield><datafield tag="650" ind1=" " ind2="0"><subfield code="a">Social work with African American children.</subfield></datafield><datafield tag="776" ind1=" " ind2=" "><subfield code="z">1-5416-7544-4</subfield></datafield><datafield tag="906" ind1=" " ind2=" "><subfield code="a">BOOK</subfield></datafield></record>