<record><leader>01983nam a22003613i 4500</leader><controlfield tag="001">991010472645808651</controlfield><controlfield tag="005">20240127060231.0</controlfield><controlfield tag="006">m     o  d |      </controlfield><controlfield tag="007">cr cnu||||||||</controlfield><controlfield tag="008">240127s2024    xx      o     ||||0 eng d</controlfield><datafield tag="020" ind1=" " ind2=" "><subfield code="a">9798887193601</subfield></datafield><datafield tag="024" ind1="7" ind2=" "><subfield code="a">10.1515/9798887193601</subfield><subfield code="2">doi</subfield></datafield><datafield tag="035" ind1=" " ind2=" "><subfield code="a">(MiAaPQ)EBC31001862</subfield></datafield><datafield tag="035" ind1=" " ind2=" "><subfield code="a">(Au-PeEL)EBL31001862</subfield></datafield><datafield tag="035" ind1=" " ind2=" "><subfield code="a">(DE-B1597)673163</subfield></datafield><datafield tag="035" ind1=" " ind2=" "><subfield code="a">(DE-B1597)9798887193601</subfield></datafield><datafield tag="035" ind1=" " ind2=" "><subfield code="a">(CKB)30085675500041</subfield></datafield><datafield tag="035" ind1=" " ind2=" "><subfield code="a">(OCoLC)1419062808</subfield></datafield><datafield tag="035" ind1=" " ind2=" "><subfield code="a">(EXLCZ)9930085675500041</subfield></datafield><datafield tag="040" ind1=" " ind2=" "><subfield code="a">MiAaPQ</subfield><subfield code="b">eng</subfield><subfield code="e">rda</subfield><subfield code="e">pn</subfield><subfield code="c">MiAaPQ</subfield><subfield code="d">MiAaPQ</subfield></datafield><datafield tag="044" ind1=" " ind2=" "><subfield code="a">mau</subfield><subfield code="c">US-MA</subfield></datafield><datafield tag="050" ind1="0" ind2="0"><subfield code="a">BM523</subfield></datafield><datafield tag="050" ind1=" " ind2="4"><subfield code="a">BM523</subfield><subfield code="b">.K67 2023</subfield></datafield><datafield tag="072" ind1=" " ind2="7"><subfield code="a">SOC049000</subfield><subfield code="2">bisacsh</subfield></datafield><datafield tag="082" ind1="0" ind2="4"><subfield code="a">296.1/850896</subfield><subfield code="2">23/eng/20230914</subfield></datafield><datafield tag="100" ind1="1" ind2=" "><subfield code="a">Koren, Debby.</subfield></datafield><datafield tag="245" ind1="1" ind2="0"><subfield code="a">Responsa in a Historical Context :</subfield><subfield code="b">A View of Post-Expulsion Spanish-Portuguese Jewish Communities Through Sixteenth- and Seventeenth-Century Responsa.</subfield></datafield><datafield tag="250" ind1=" " ind2=" "><subfield code="a">1st ed.</subfield></datafield><datafield tag="264" ind1=" " ind2="1"><subfield code="a">Brighton :</subfield><subfield code="b">Academic Studies Press,</subfield><subfield code="c">2024.</subfield></datafield><datafield tag="264" ind1=" " ind2="4"><subfield code="c">©2024.</subfield></datafield><datafield tag="300" ind1=" " ind2=" "><subfield code="a">1 online resource (268 pages)</subfield></datafield><datafield tag="336" ind1=" " ind2=" "><subfield code="a">text</subfield><subfield code="b">txt</subfield><subfield code="2">rdacontent</subfield></datafield><datafield tag="337" ind1=" " ind2=" "><subfield code="a">computer</subfield><subfield code="b">c</subfield><subfield code="2">rdamedia</subfield></datafield><datafield tag="338" ind1=" " ind2=" "><subfield code="a">online resource</subfield><subfield code="b">cr</subfield><subfield code="2">rdacarrier</subfield></datafield><datafield tag="490" ind1="1" ind2=" "><subfield code="a">Studies in Orthodox Judaism Series</subfield></datafield><datafield tag="520" ind1=" " ind2=" "><subfield code="a">This book contains a collection of eight annotated translations of responsa, alongside the original Hebrew texts, focusing on the post-expulsion Spanish-Portuguese communities of the sixteenth to seventeenth centuries. Topics include excommunication in Amsterdam, ʻagunot, inheritance rights of a converso son, obligatory contracts and breach of agreement, heresy and humanist scholarship, informing on someone to the Venetian Inquisition, and more.</subfield></datafield><datafield tag="588" ind1=" " ind2=" "><subfield code="a">Description based on publisher supplied metadata and other sources.</subfield></datafield><datafield tag="505" ind1="0" ind2="0"><subfield code="t">Frontmatter -- </subfield><subfield code="t">Contents -- </subfield><subfield code="t">Acknowledgments -- </subfield><subfield code="t">Introduction -- </subfield><subfield code="t">On Excommunication -- </subfield><subfield code="t">1. Divorce out of Love: A Sixteenth-Century Woman’s Story -- </subfield><subfield code="t">2. The Tax Cut Lobby -- </subfield><subfield code="t">3. Are You Calling Me a Heretic?! -- </subfield><subfield code="t">4. Families Torn Apart -- </subfield><subfield code="t">5. What’s in a Name? -- </subfield><subfield code="t">6. Is Your Blood Any Redder? -- </subfield><subfield code="t">7. Excommunication in Amsterdam -- </subfield><subfield code="t">8. South of the Equator, in the New World -- </subfield><subfield code="t">Index</subfield></datafield><datafield tag="650" ind1=" " ind2="0"><subfield code="a">Jews</subfield><subfield code="z">Brazil</subfield><subfield code="x">History</subfield><subfield code="y">17th century.</subfield></datafield><datafield tag="650" ind1=" " ind2="0"><subfield code="a">Jews</subfield><subfield code="z">Netherlands</subfield><subfield code="x">History</subfield><subfield code="y">17th century.</subfield></datafield><datafield tag="650" ind1=" " ind2="0"><subfield code="a">Jews</subfield><subfield code="z">Ottoman Empire</subfield><subfield code="x">History</subfield><subfield code="y">16th century.</subfield></datafield><datafield tag="650" ind1=" " ind2="0"><subfield code="a">Jews</subfield><subfield code="z">Ottoman Empire</subfield><subfield code="x">History</subfield><subfield code="y">17th century.</subfield></datafield><datafield tag="650" ind1=" " ind2="0"><subfield code="a">Jews</subfield><subfield code="z">Turkey</subfield><subfield code="x">History</subfield><subfield code="y">16th century.</subfield></datafield><datafield tag="650" ind1=" " ind2="0"><subfield code="a">Jews</subfield><subfield code="z">Turkey</subfield><subfield code="x">History</subfield><subfield code="y">17th century.</subfield></datafield><datafield tag="650" ind1=" " ind2="0"><subfield code="a">Responsa</subfield><subfield code="x">History and criticism.</subfield></datafield><datafield tag="650" ind1=" " ind2="7"><subfield code="a">SOCIAL SCIENCE / Jewish Studies.</subfield><subfield code="2">bisacsh</subfield></datafield><datafield tag="776" ind1="0" ind2="8"><subfield code="z">9798887193595</subfield></datafield><datafield tag="830" ind1=" " ind2="0"><subfield code="a">Studies in Orthodox Judaism Series</subfield></datafield><datafield tag="906" ind1=" " ind2=" "><subfield code="a">BOOK</subfield></datafield></record>