<record><leader>01516nam a2200361 i 4500</leader><controlfield tag="001">991010472919008651</controlfield><controlfield tag="005">20241118113344.0</controlfield><controlfield tag="006">m     o  d |      </controlfield><controlfield tag="007">cr cnu||||||||</controlfield><controlfield tag="008">241118s2022    sa      o     000 0 eng d</controlfield><datafield tag="020" ind1=" " ind2=" "><subfield code="a">9781998951093</subfield><subfield code="q">(electronic bk.)</subfield></datafield><datafield tag="020" ind1=" " ind2=" "><subfield code="z">9781998951086</subfield></datafield><datafield tag="035" ind1=" " ind2=" "><subfield code="a">(MiAaPQ)EBC29383232</subfield></datafield><datafield tag="035" ind1=" " ind2=" "><subfield code="a">(Au-PeEL)EBL29383232</subfield></datafield><datafield tag="035" ind1=" " ind2=" "><subfield code="a">(CKB)24279827000041</subfield></datafield><datafield tag="035" ind1=" " ind2=" "><subfield code="a">(OCoLC)1337943941</subfield></datafield><datafield tag="035" ind1=" " ind2=" "><subfield code="a">(EXLCZ)9924279827000041</subfield></datafield><datafield tag="040" ind1=" " ind2=" "><subfield code="a">MiAaPQ</subfield><subfield code="b">eng</subfield><subfield code="e">rda</subfield><subfield code="e">pn</subfield><subfield code="c">MiAaPQ</subfield><subfield code="d">MiAaPQ</subfield></datafield><datafield tag="050" ind1=" " ind2="4"><subfield code="a">BL48</subfield><subfield code="b">.S767 2022</subfield></datafield><datafield tag="082" ind1="0" ind2=" "><subfield code="a">200</subfield><subfield code="2">23</subfield></datafield><datafield tag="100" ind1="1" ind2=" "><subfield code="a">Storey, Peter,</subfield><subfield code="d">1945-</subfield><subfield code="e">author.</subfield></datafield><datafield tag="245" ind1="1" ind2="0"><subfield code="a">Protest at Midnight :</subfield><subfield code="b">Ministry to a Nation Torn Apart /</subfield><subfield code="c">Peter Storey ; foreword by Will Willimon ; edited by Sarah Musser.</subfield></datafield><datafield tag="250" ind1=" " ind2=" "><subfield code="a">First edition.</subfield></datafield><datafield tag="264" ind1=" " ind2="1"><subfield code="a">Cape Town, South Africa :</subfield><subfield code="b">African Sun Media,</subfield><subfield code="c">[2022]</subfield></datafield><datafield tag="264" ind1=" " ind2="4"><subfield code="c">©2022</subfield></datafield><datafield tag="300" ind1=" " ind2=" "><subfield code="a">1 online resource (279 pages)</subfield></datafield><datafield tag="336" ind1=" " ind2=" "><subfield code="a">text</subfield><subfield code="b">txt</subfield><subfield code="2">rdacontent</subfield></datafield><datafield tag="337" ind1=" " ind2=" "><subfield code="a">computer</subfield><subfield code="b">c</subfield><subfield code="2">rdamedia</subfield></datafield><datafield tag="338" ind1=" " ind2=" "><subfield code="a">online resource</subfield><subfield code="b">cr</subfield><subfield code="2">rdacarrier</subfield></datafield><datafield tag="505" ind1="0" ind2=" "><subfield code="a">Intro -- Contents -- Foreword -- Preface -- Acknowledgments -- Abbreviations -- Introduction -- 1: The Island -- 2: District Six -- 3: Ocean in a Single Drop -- 4: Then Came the Bulldozers -- 5: Amateur Journo -- 6: Young Church -- 7: Widening World -- 8: No Soft Landing -- 9: Broken Open Church -- 10: Ministry with a Whiff of Tear Gas -- 11: Public Square Encounters -- 12: Shadows of War -- 13: Perfect Storm -- 14: Bearing Witness -- 15: National Leadership -- 16: Among God's People -- 17: Stress Fractures -- 18: Winnie Crisis -- 19: Confronting Expediency -- 20: Soul Wounds -- 21: Thin Orange Line -- 22: Taking on the Guns -- 23: Days of Grace -- 24: Search for Healing -- 25: America the Vulnerable -- 26: A Church the World Might Take Seriously -- 27: Postscript: Loss and Gratitude.</subfield></datafield><datafield tag="520" ind1=" " ind2=" "><subfield code="a">The role parliaments play in governance is fundamentally political, and as a result, the institutional side of parliamentary organisations is often overlooked. This volume, together with the theoretical volume African Parliaments: Evidence systems for governance and development, takes a practical look at African parliaments as institutions, and explores the ways in which their structures and processes influence the use of evidence for decision making. A comparative approach helps the reader get a practical view of how this governance interplay is enacted within portfolio committees, on chamber floors, and on the campaign trail.</subfield></datafield><datafield tag="588" ind1=" " ind2=" "><subfield code="a">Description based on publisher supplied metadata and other sources.</subfield></datafield><datafield tag="588" ind1=" " ind2=" "><subfield code="a">Description based on print version record.</subfield></datafield><datafield tag="650" ind1=" " ind2="0"><subfield code="a">Religion.</subfield></datafield><datafield tag="776" ind1="0" ind2="8"><subfield code="i">Print version:</subfield><subfield code="a">Storey, Peter</subfield><subfield code="t">Protest at Midnight</subfield><subfield code="d">Stellenbosch : African Sun Media,c2022</subfield><subfield code="z">9781998951086</subfield></datafield><datafield tag="700" ind1="1" ind2=" "><subfield code="a">Willimon, William H.,</subfield><subfield code="e">writer of foreword.</subfield></datafield><datafield tag="700" ind1="1" ind2=" "><subfield code="a">Musser, Sarah,</subfield><subfield code="e">editor.</subfield></datafield></record>