<record><leader>03611nam a2200673Ia 4500</leader><controlfield tag="001">991010580730208651</controlfield><controlfield tag="005">20240426104009.0</controlfield><controlfield tag="006">m|||||o||d||||||||</controlfield><controlfield tag="007">cr |||||||||||</controlfield><controlfield tag="008">240426t20242024gw     fo  d z      eng d</controlfield><datafield tag="020" ind1=" " ind2=" "><subfield code="a">9783839472620</subfield></datafield><datafield tag="020" ind1=" " ind2=" "><subfield code="a">3839472628</subfield></datafield><datafield tag="024" ind1="7" ind2=" "><subfield code="a">10.1515/9783839472620</subfield><subfield code="2">doi</subfield></datafield><datafield tag="035" ind1=" " ind2=" "><subfield code="a">(CKB)31435465600041</subfield></datafield><datafield tag="035" ind1=" " ind2=" "><subfield code="a">(DE-B1597)679953</subfield></datafield><datafield tag="035" ind1=" " ind2=" "><subfield code="a">(DE-B1597)9783839472620</subfield></datafield><datafield tag="035" ind1=" " ind2=" "><subfield code="a">(MiAaPQ)EBC31281548</subfield></datafield><datafield tag="035" ind1=" " ind2=" "><subfield code="a">(Au-PeEL)EBL31281548</subfield></datafield><datafield tag="035" ind1=" " ind2=" "><subfield code="a">(ScCtBLL)02257d48-0bf8-4430-94b9-af55ed19c325</subfield></datafield><datafield tag="035" ind1=" " ind2=" "><subfield code="a">(Perlego)4335433</subfield></datafield><datafield tag="035" ind1=" " ind2=" "><subfield code="a">(EXLCZ)9931435465600041</subfield></datafield><datafield tag="040" ind1=" " ind2=" "><subfield code="a">DE-B1597</subfield><subfield code="b">eng</subfield><subfield code="c">DE-B1597</subfield><subfield code="e">rda</subfield></datafield><datafield tag="041" ind1="0" ind2=" "><subfield code="a">eng</subfield></datafield><datafield tag="044" ind1=" " ind2=" "><subfield code="a">gw</subfield><subfield code="c">DE</subfield></datafield><datafield tag="072" ind1=" " ind2="7"><subfield code="a">PHI004000</subfield><subfield code="2">bisacsh</subfield></datafield><datafield tag="100" ind1="1" ind2=" "><subfield code="a">Höhl, Anna Elisabeth, </subfield><subfield code="e">author.</subfield><subfield code="4">aut</subfield><subfield code="4">http://id.loc.gov/vocabulary/relators/aut</subfield></datafield><datafield tag="245" ind1="1" ind2="0"><subfield code="a">Scientific Understanding :</subfield><subfield code="b">What It Is and How It Is Achieved /</subfield><subfield code="c">Anna Elisabeth Höhl.</subfield></datafield><datafield tag="250" ind1=" " ind2=" "><subfield code="a">1st ed.</subfield></datafield><datafield tag="264" ind1=" " ind2="1"><subfield code="a">Bielefeld : </subfield><subfield code="b">transcript Verlag, </subfield><subfield code="c">[2024]</subfield></datafield><datafield tag="264" ind1=" " ind2="4"><subfield code="c">©2024</subfield></datafield><datafield tag="300" ind1=" " ind2=" "><subfield code="a">1 online resource (260 p.)</subfield></datafield><datafield tag="336" ind1=" " ind2=" "><subfield code="a">text</subfield><subfield code="b">txt</subfield><subfield code="2">rdacontent</subfield></datafield><datafield tag="337" ind1=" " ind2=" "><subfield code="a">computer</subfield><subfield code="b">c</subfield><subfield code="2">rdamedia</subfield></datafield><datafield tag="338" ind1=" " ind2=" "><subfield code="a">online resource</subfield><subfield code="b">cr</subfield><subfield code="2">rdacarrier</subfield></datafield><datafield tag="490" ind1="0" ind2=" "><subfield code="a">Philosophie - Aufklärung - Kritik ;</subfield><subfield code="v">2</subfield></datafield><datafield tag="588" ind1="0" ind2=" "><subfield code="a">Description based on online resource; title from PDF title page (publisher's Web site, viewed 26. Apr 2024)</subfield></datafield><datafield tag="540" ind1=" " ind2=" "><subfield code="a">This eBook is made available Open Access under a CC BY 4.0 license: </subfield><subfield code="u">https://creativecommons.org/licenses/by/4.0</subfield></datafield><datafield tag="520" ind1=" " ind2=" "><subfield code="a">Understanding is an ability manifested by grasping relations of a phenomenon and articulating new explanations. Hence, scientific understanding is inextricably intertwined with and not possible without explanation, and understanding is not a type of propositional knowledge. Anna Elisabeth Höhl provides a novel philosophical account of scientific understanding by developing and defending necessary and sufficient conditions for the understanding that scientists achieve of the phenomena they are researching. This account of scientific understanding is based on and supported by a detailed investigation of an episode from scientific practice in biology.</subfield></datafield><datafield tag="546" ind1=" " ind2=" "><subfield code="a">In English.</subfield></datafield><datafield tag="505" ind1="0" ind2="0"><subfield code="t">Frontmatter -- </subfield><subfield code="t">Contents -- </subfield><subfield code="t">Acknowledgements -- </subfield><subfield code="t">List of Figures -- </subfield><subfield code="t">1. Introduction -- </subfield><subfield code="t">2. Different views on scientific understanding -- </subfield><subfield code="t">3. Scientific understanding, scientific explanation, and why they cannot be torn apart -- </subfield><subfield code="t">4. Is scientific understanding an ability? -- </subfield><subfield code="t">5. Scientific understanding of the genetic regulation of vertebrate development and how zebrafish made it possible -- </subfield><subfield code="t">6. Grasping and explaining – an account of scientific understanding -- </subfield><subfield code="t">7. Conclusion -- </subfield><subfield code="t">Bibliography</subfield></datafield><datafield tag="650" ind1=" " ind2="7"><subfield code="a">PHILOSOPHY / Epistemology.</subfield><subfield code="2">bisacsh</subfield></datafield><datafield tag="653" ind1=" " ind2=" "><subfield code="a">Ability.</subfield></datafield><datafield tag="653" ind1=" " ind2=" "><subfield code="a">Analytical Philosophy.</subfield></datafield><datafield tag="653" ind1=" " ind2=" "><subfield code="a">Epistemology.</subfield></datafield><datafield tag="653" ind1=" " ind2=" "><subfield code="a">Explanation.</subfield></datafield><datafield tag="653" ind1=" " ind2=" "><subfield code="a">Philosophy of Science.</subfield></datafield><datafield tag="653" ind1=" " ind2=" "><subfield code="a">Philosophy.</subfield></datafield><datafield tag="653" ind1=" " ind2=" "><subfield code="a">Science.</subfield></datafield><datafield tag="653" ind1=" " ind2=" "><subfield code="a">Scientific Practice.</subfield></datafield><datafield tag="776" ind1="0" ind2="8"><subfield code="z">9783837672626</subfield></datafield><datafield tag="776" ind1="0" ind2="8"><subfield code="z">383767262X</subfield></datafield><datafield tag="830" ind1=" " ind2="0"><subfield code="a">Philosophie - Aufklärung - Kritik Series</subfield></datafield><datafield tag="906" ind1=" " ind2=" "><subfield code="a">BOOK</subfield></datafield></record>