<record><leader>04917cam a2200721 a 4500</leader><controlfield tag="001">991010833194208651</controlfield><controlfield tag="005">20250829101409.0</controlfield><controlfield tag="006">m     o  d        </controlfield><controlfield tag="007">cr cn|||||||||</controlfield><controlfield tag="008">120905s2010    enkb    ob    001 0 eng d</controlfield><datafield tag="016" ind1="7" ind2=" "><subfield code="a">015745106</subfield><subfield code="2">Uk</subfield></datafield><datafield tag="019" ind1=" " ind2=" "><subfield code="a">966109709</subfield><subfield code="a">988521215</subfield><subfield code="a">991964349</subfield><subfield code="a">1037914964</subfield><subfield code="a">1038694730</subfield><subfield code="a">1045567453</subfield><subfield code="a">1055333319</subfield><subfield code="a">1058263018</subfield><subfield code="a">1081238964</subfield><subfield code="a">1100847575</subfield><subfield code="a">1114463222</subfield><subfield code="a">1148146860</subfield><subfield code="a">1228532835</subfield></datafield><datafield tag="020" ind1=" " ind2=" "><subfield code="a">1906704767</subfield><subfield code="q">(Trade Paper)</subfield></datafield><datafield tag="020" ind1=" " ind2=" "><subfield code="a">9781906704766</subfield><subfield code="q">(Trade Paper)</subfield></datafield><datafield tag="020" ind1=" " ind2=" "><subfield code="a">1906704775</subfield></datafield><datafield tag="020" ind1=" " ind2=" "><subfield code="a">9781906704773</subfield></datafield><datafield tag="020" ind1=" " ind2=" "><subfield code="a">9781912234288</subfield><subfield code="q">(e-book)</subfield></datafield><datafield tag="020" ind1=" " ind2=" "><subfield code="a">1912234289</subfield></datafield><datafield tag="020" ind1=" " ind2=" "><subfield code="z">9781906704773</subfield></datafield><datafield tag="020" ind1=" " ind2=" "><subfield code="z">9781906704766</subfield></datafield><datafield tag="029" ind1="1" ind2=" "><subfield code="a">AU@</subfield><subfield code="b">000053028925</subfield></datafield><datafield tag="029" ind1="1" ind2=" "><subfield code="a">CHNEW</subfield><subfield code="b">000620271</subfield></datafield><datafield tag="029" ind1="1" ind2=" "><subfield code="a">DEBBG</subfield><subfield code="b">BV044094688</subfield></datafield><datafield tag="029" ind1="1" ind2=" "><subfield code="a">NZ1</subfield><subfield code="b">14696691</subfield></datafield><datafield tag="035" ind1=" " ind2=" "><subfield code="a">(OCoLC)811407971</subfield><subfield code="z">(OCoLC)966109709</subfield><subfield code="z">(OCoLC)988521215</subfield><subfield code="z">(OCoLC)991964349</subfield><subfield code="z">(OCoLC)1037914964</subfield><subfield code="z">(OCoLC)1038694730</subfield><subfield code="z">(OCoLC)1045567453</subfield><subfield code="z">(OCoLC)1055333319</subfield><subfield code="z">(OCoLC)1058263018</subfield><subfield code="z">(OCoLC)1081238964</subfield><subfield code="z">(OCoLC)1100847575</subfield><subfield code="z">(OCoLC)1114463222</subfield><subfield code="z">(OCoLC)1148146860</subfield><subfield code="z">(OCoLC)1228532835</subfield></datafield><datafield tag="035" ind1=" " ind2=" "><subfield code="a">(OCoLC)ocn811407971</subfield></datafield><datafield tag="040" ind1=" " ind2=" "><subfield code="a">E7B</subfield><subfield code="b">eng</subfield><subfield code="e">pn</subfield><subfield code="c">E7B</subfield><subfield code="d">GPM</subfield><subfield code="d">OCLCQ</subfield><subfield code="d">COO</subfield><subfield code="d">UKMGB</subfield><subfield code="d">OCLCF</subfield><subfield code="d">OCLCO</subfield><subfield code="d">NLGGC</subfield><subfield code="d">OCL</subfield><subfield code="d">EBLCP</subfield><subfield code="d">OCLCQ</subfield><subfield code="d">OCL</subfield><subfield code="d">OCLCQ</subfield><subfield code="d">LOA</subfield><subfield code="d">MOR</subfield><subfield code="d">PIFAG</subfield><subfield code="d">MERUC</subfield><subfield code="d">OCLCQ</subfield><subfield code="d">ZCU</subfield><subfield code="d">U3W</subfield><subfield code="d">STF</subfield><subfield code="d">WRM</subfield><subfield code="d">OCLCO</subfield><subfield code="d">COCUF</subfield><subfield code="d">ICG</subfield><subfield code="d">VT2</subfield><subfield code="d">AU@</subfield><subfield code="d">OCLCQ</subfield><subfield code="d">OCLCO</subfield><subfield code="d">DKC</subfield><subfield code="d">OCLCQ</subfield><subfield code="d">OCLCO</subfield><subfield code="d">OCL</subfield><subfield code="d">UKAHL</subfield><subfield code="d">UWK</subfield><subfield code="d">OCLCQ</subfield><subfield code="d">BOL</subfield><subfield code="d">HS0</subfield><subfield code="d">OCLCO</subfield><subfield code="d">OCLCQ</subfield><subfield code="d">OCLCO</subfield><subfield code="d">OCLCL</subfield></datafield><datafield tag="043" ind1=" " ind2=" "><subfield code="a">f-nr---</subfield></datafield><datafield tag="049" ind1=" " ind2=" "><subfield code="a">YUSS</subfield></datafield><datafield tag="050" ind1=" " ind2="4"><subfield code="a">DT515.836</subfield><subfield code="b">.U36 2010eb</subfield></datafield><datafield tag="082" ind1="0" ind2="4"><subfield code="a">966.9052</subfield><subfield code="2">23</subfield><subfield code="1">https://id.oclc.org/worldcat/ddc/E3Cv93JKpTJpXbgmwQhvTBJhXX</subfield></datafield><datafield tag="100" ind1="1" ind2=" "><subfield code="a">Ugochukwu, Françoise.</subfield></datafield><datafield tag="245" ind1="1" ind2="0"><subfield code="a">Torn apart :</subfield><subfield code="b">the Nigerian civil war and its impact /</subfield><subfield code="c">Françoise Ugochukwu.</subfield></datafield><datafield tag="250" ind1=" " ind2=" "><subfield code="a">1st ed.</subfield></datafield><datafield tag="260" ind1=" " ind2=" "><subfield code="a">London :</subfield><subfield code="b">Adonis &amp; Abbey Publishers,</subfield><subfield code="c">2010.</subfield></datafield><datafield tag="300" ind1=" " ind2=" "><subfield code="a">1 online resource (x, 157 pages) :</subfield><subfield code="b">map</subfield></datafield><datafield tag="336" ind1=" " ind2=" "><subfield code="a">text</subfield><subfield code="b">txt</subfield><subfield code="2">rdacontent</subfield></datafield><datafield tag="337" ind1=" " ind2=" "><subfield code="a">computer</subfield><subfield code="b">c</subfield><subfield code="2">rdamedia</subfield></datafield><datafield tag="338" ind1=" " ind2=" "><subfield code="a">online resource</subfield><subfield code="b">cr</subfield><subfield code="2">rdacarrier</subfield></datafield><datafield tag="340" ind1=" " ind2=" "><subfield code="g">polychrome.</subfield><subfield code="2">rdacc</subfield><subfield code="0">http://rdaregistry.info/termList/RDAColourContent/1003</subfield></datafield><datafield tag="347" ind1=" " ind2=" "><subfield code="a">text file</subfield><subfield code="2">rdaft</subfield><subfield code="0">http://rdaregistry.info/termList/fileType/1002</subfield></datafield><datafield tag="504" ind1=" " ind2=" "><subfield code="a">Includes bibliographical references and index.</subfield></datafield><datafield tag="520" ind1="8" ind2=" "><subfield code="a">The Nigerian Civil War, 1967-1970 (also known as the Biafran War) has been described as a 'forgotten war'. Yet it led to the birth of the NGO Doctors without Borders / Médecins sans frontières and equipped journalists with the intercultural skills they later used in their coverage of other African conflicts. The Biafran conflict equally ended up strengthening the special relationship between France and Nigeria. From 1970 in particular, the Nigerian education sector was taken up with a wave of francophilia, which boosted the teaching of French in Language programmes at the secondary school level. The Civil War, which ravaged the South-Eastern part of the federation, was, above all, a collective experience which inspired poets, novelists and playwrights - Achebe, Soyinka, Okigbo, Saro-Wiwa, Okpewho, Adichie and others, while bringing about a massive religious revival which affected the whole region. The war mobilised politicians and NGOs, it changed the country and brought it into the limelight. This book reveals, through the study of oral genres, radio bulletins and the impact of the conflict on literature and the Web, the human history of the war, the role played by the media and the deep scar the conflict left on the bodies and minds of survivors.</subfield></datafield><datafield tag="600" ind1="1" ind2="0"><subfield code="a">Achebe, Chinua.</subfield></datafield><datafield tag="600" ind1="1" ind2="0"><subfield code="a">Saro-Wiwa, Ken,</subfield><subfield code="d">1941-1995.</subfield><subfield code="0">http://id.loc.gov/authorities/names/n77017603</subfield></datafield><datafield tag="600" ind1="1" ind2="7"><subfield code="a">Achebe, Chinua</subfield><subfield code="2">fast</subfield><subfield code="1">https://id.oclc.org/worldcat/entity/E39PBJbGW3cXbgFby79YGm3mh3</subfield></datafield><datafield tag="600" ind1="1" ind2="7"><subfield code="a">Saro-Wiwa, Ken,</subfield><subfield code="d">1941-1995</subfield><subfield code="2">fast</subfield><subfield code="1">https://id.oclc.org/worldcat/entity/E39PBJB4dJvvG6gqvrPR8T4yVC</subfield></datafield><datafield tag="651" ind1=" " ind2="0"><subfield code="a">Nigeria</subfield><subfield code="x">Politics and government.</subfield><subfield code="0">http://id.loc.gov/authorities/subjects/sh85091880</subfield></datafield><datafield tag="651" ind1=" " ind2="0"><subfield code="a">Nigeria</subfield><subfield code="x">History</subfield><subfield code="y">Civil War, 1967-1970.</subfield><subfield code="0">http://id.loc.gov/authorities/subjects/sh85091870</subfield></datafield><datafield tag="651" ind1=" " ind2="6"><subfield code="a">Nigeria</subfield><subfield code="x">Politique et gouvernement.</subfield></datafield><datafield tag="651" ind1=" " ind2="6"><subfield code="a">Nigeria</subfield><subfield code="x">Histoire</subfield><subfield code="y">1967-1970 (Guerre civile)</subfield></datafield><datafield tag="650" ind1=" " ind2="7"><subfield code="a">Politics and government</subfield><subfield code="2">fast</subfield></datafield><datafield tag="651" ind1=" " ind2="7"><subfield code="a">Nigeria</subfield><subfield code="2">fast</subfield><subfield code="1">https://id.oclc.org/worldcat/entity/E39PBJcWvf9xXVHQKFTDpVGCQq</subfield></datafield><datafield tag="647" ind1=" " ind2="7"><subfield code="a">Nigerian Civil War</subfield><subfield code="c">(Nigeria :</subfield><subfield code="d">1967-1970)</subfield><subfield code="2">fast</subfield><subfield code="1">https://id.oclc.org/worldcat/entity/E39Qhp4vB9WRTbqDTpFxFvdvmm</subfield></datafield><datafield tag="648" ind1=" " ind2="7"><subfield code="a">1967-1970</subfield><subfield code="2">fast</subfield></datafield><datafield tag="655" ind1=" " ind2="7"><subfield code="a">History</subfield><subfield code="2">fast</subfield></datafield><datafield tag="758" ind1=" " ind2=" "><subfield code="i">has work:</subfield><subfield code="a">Torn apart (Text)</subfield><subfield code="1">https://id.oclc.org/worldcat/entity/E39PCGqfqPXx9RQRX8FKdWkvH3</subfield><subfield code="4">https://id.oclc.org/worldcat/ontology/hasWork</subfield></datafield><datafield tag="776" ind1="0" ind2="8"><subfield code="i">Print version:</subfield><subfield code="a">Ugochukwu, Francoise.</subfield><subfield code="t">Torn apart.</subfield><subfield code="d">[S.l.] : Adonis &amp; Abbey, 2010</subfield><subfield code="z">1906704767</subfield><subfield code="w">(OCoLC)642824440</subfield></datafield><datafield tag="856" ind1="4" ind2="0"><subfield code="u">https://www.proquest.com/publication/2062710</subfield></datafield><datafield tag="936" ind1=" " ind2=" "><subfield code="a">BATCHLOAD</subfield></datafield><datafield tag="994" ind1=" " ind2=" "><subfield code="a">92</subfield><subfield code="b">YUS</subfield></datafield><datafield tag="997" ind1=" " ind2=" "><subfield code="a">UPDATED</subfield></datafield><datafield tag="998" ind1=" " ind2=" "><subfield code="a">Subsequent record output</subfield></datafield></record></collection>